2017 2975
132 85 161 105 Ν

265 138 394 196 steen
433 140 601 202 smnus.
752 101 760 112 ’
799 160 832 211 27

99 259 162 311 Iam
174 271 251 324 veto,
271 263 325 313 ista
339 262 505 329 conditione,
524 266 589 318 dum
605 266 673 320 mibi
689 267 767 318 liceat
788 285 834 318 ue·

34 345 103 394 pare,
122 347 202 395 posse
215 329 287 393 quod
299 346 353 380 uon
368 345 476 397 potero,
493 346 520 384 et
533 336 620 397 fateri,
638 336 739 385 nescire
759 335 832 403 quod

33 398 164 457 nesciam,
182 398 263 457 licet,
285 398 372 464 inquit
388 398 510 463 Crassus,
531 416 617 461 vestro
630 403 762 453 arbitratu
773 421 833 470 per·

35 465 204 514 cunctemini.
238 463 341 530 Atque,
365 468 450 532 iuquit
471 470 619 535 Sulpicius,
645 471 695 521 boc
713 472 832 536 primum

38 548 66 582 ex
79 543 123 594 te,
151 531 256 595 dequo
273 532 356 583 modo
377 532 510 586 Antonius
530 540 664 606 exposuit,
690 538 755 603 quid
772 556 830 586 sen-

38 600 93 660 tias,
112 601 280 665 quaerimus:
300 601 466 668 existimesne
480 617 565 655 artem
578 607 696 671 aliquam
714 622 769 654 esse
790 604 831 654 di·

38 664 119 716 tendi.
155 663 248 731 Quid?
266 667 332 717 mihi
350 687 418 720 nunc
433 674 607 738 vossinquit
630 672 752 732 Crassus,
775 685 830 721 tau·

36 750 109 851 ditm
128 735 208 784 alicui
228 732 359 785 Graeculo
376 738 460 790 otioso
472 751 509 789 et
529 741 650 805 loquaci,
674 752 701 789 et
720 739 830 789 sortasse

82 813 110 851 to
139 811 219 866 atque
235 801 352 864 erudito,
379 809 618 869 quaestiunculam,
645 807 678 856 de
698 823 748 871 qua
769 822 829 856 meo

36 867 164 919 arbitratu
177 869 285 934 loquar,
304 867 426 935 ponitisi,
441 874 556 938 Quando
568 873 639 923 enim
658 890 700 922 me
721 876 769 924 ista
785 891 830 937 ou·

36 951 115 996 rasse,
135 947 182 991 aut
195 937 322 1001 cogitasse
335 938 517 1002 arbitramini,
535 954 562 990 et
574 958 630 990 uon
648 956 750 1006 semper
771 941 830 989 irri-

12 1019 14 1030 ’
35 1004 89 1053 sisse
102 1004 194 1068 potius
206 1021 300 1072 eorum
315 1004 682 1074 bominumisupudentiam‚
701 1009 747 1073 qui
768 1023 830 1057 cum

12 1107 13 1112 ,
37 1070 161 1120 iuscbola
176 1069 345 1132 assedissem,
363 1090 395 1122 ex
407 1091 502 1139 magna
517 1076 658 1125 homiuum
680 1074 829 1139 frequentia
853 1091 859 1106 ·

37 1136 116 1187 dicere
132 1138 276 1198 inherent,
294 1140 317 1188 si
335 1142 394 1204 quis
413 1142 479 1207 quid
497 1139 654 1208 quaereret?
677 1141 758 1207 Quod
776 1143 829 1209 pri·
874 1141 884 1148 “

38 1221 105 1254 mum
127 1206 215 1254 ferunt
232 1206 392 1256 Leontinum
416 1209 510 1259 secisse
532 1209 676 1275 Gorgiam:
705 1211 751 1274 qui
770 1227 828 1275 per·

37 1287 155 1337 magnum
170 1271 299 1338 quiddam
311 1276 600 1344 suscipereaeproliteri
607 1276 753 1339 videbatur,
766 1294 828 1327 cum

38 1339 108 1390 stad
126 1341 231 1401 omnia,
248 1338 389 1405 dequibus
409 1347 520 1411 quisque
541 1345 633 1395 audite
654 1345 749 1406 vellet,
763 1360 828 1393 -esss

38 1420 151 1471 paratum
163 1405 339 1459 denuntiaret.
381 1408 472 1461 Postea
492 1426 555 1462 tero
573 1413 659 1477 vulgo,
675 1412 725 1461 boc
744 1412 828 1478 facere

12 1502 14 1509 ·
38 1488 179 1542 coeperunt,
196 1474 325 1541 hodieque
332 1476 440 1541 faciunt,
457 1480 568 1531 utnulla
576 1482 665 1539 sitres,
681 1496 765 1545 neque
772 1491 828 1528 tan·

39 1554 155 1608 tuusque
164 1555 220 1592 tam
228 1544 377 1610 improvisa,
394 1564 477 1619 neque
484 1559 539 1597 tam
549 1561 625 1607 nova,
643 1545 676 1594 de
683 1561 734 1608 qus
740 1556 829 1594 senon

39 1612 135 1670 omnia,
153 1628 217 1676 quae
229 1610 284 1659 diei
297 1625 421 1678 possunt,
439 1614 612 1680 profiteantur
627 1629 680 1663 esse
700 1612 829 1662 dicturos.

40 1675 145 1741 Quodsi
159 1689 200 1738 te,
220 1675 317 1738 Cotta,
335 1679 494 1742 arbitrarer,
512 1693 558 1738 aut
583 1693 623 1743 te,
649 1680 765 1747 Sulpici,
794 1679 828 1729 de

39 1744 67 1795 tt
78 1743 155 1795 rebus
170 1744 260 1794 audire
273 1747 360 1811 velle,
375 1746 546 1799 adduxissem
559 1749 611 1798 buc
633 1746 766 1799 Graecum
781 1748 828 1796 ali·
887 1792 892 1805 ⁴

38 1829 124 1877 quem,
142 1814 189 1879 qni
201 1830 247 1863 vos
260 1815 408 1864 istiusmodi
423 1815 646 1882 disputationibus
666 1814 826 1867 delectaret:

39 1878 105 1945 quod
118 1898 152 1929 ue
159 1897 233 1945 uuus
250 1880 360 1946 quidem
374 1882 482 1933 difficile
503 1886 576 1933 factu
594 1897 642 1933 est.
687 1884 735 1934 Est
756 1884 828 1932 euim

39 1945 100 2027 apud
112 1947 151 1996 M.
169 1946 309 2010 Pisonem,
327 1949 523 2002 adolescentem
531 1953 589 2001 iam
603 1952 663 1999 huie
681 1950 769 2000 studio
783 1951 829 1999 sle·

40 2013 135 2077 diuam,
152 2031 257 2065 summo
274 2015 410 2067 bominem
421 2020 539 2084 iugenio,
556 2020 692 2080 nostrique
712 2017 827 2080 cupidis·

40 2082 143 2143 simum,
161 2085 346 2149 peripateticus
367 2086 483 2147 Staseas,
508 2086 590 2135 homo
612 2084 691 2133 nobis
712 2100 771 2132 sane
792 2085 828 2132 sa·

41 2149 157 2210 niliaris,
177 2162 219 2213 et,
238 2163 267 2200 ut
279 2153 348 2201 inter
363 2152 482 2211 homiues
494 2154 594 2218 peritos
608 2163 727 2202 constare
740 2150 827 2214 video,

41 2216 62 2266 in
75 2218 122 2267 illo
137 2235 185 2267 suo
200 2235 294 2283 genere
314 2221 432 2270 omnium
445 2221 575 2288 princeps.
903 2272 908 2281 ,

97 2284 199 2337 XXIII.
226 2285 314 2348 Quem
321 2299 359 2347 tu,
371 2289 465 2352 iuquit,
480 2287 556 2347 milii,
572 2287 684 2346 Mucius,
700 2285 826 2348 Staseam,
890 2285 892 2289 ’

42 2354 318 2420 quemperipateticum
325 2351 433 2403 narras?
452 2353 634 2404 Gerendusest
644 2353 694 2403 tibi
702 2353 828 2404 mosado·
858 2354 871 2369 '‘

41 2417 201 2480 laetentibus,
221 2418 328 2471 Crasse:
346 2422 452 2486 quinon
466 2420 561 2471 Graeci
572 2423 683 2472 alicuius
696 2421 827 2488 quotIdia·

42 2488 416 2552 nauloquacitatemsineusu,
433 2507 518 2557 neque
524 2507 556 2538 ex
563 2488 660 2538 scholis
672 2491 828 2539 cantilenam

41 2558 181 2621 requirunt,
199 2555 247 2604 sed
258 2574 290 2606 ex
296 2556 401 2609 homine
415 2559 537 2607 omnium
545 2557 736 2622 sapientissimo
750 2568 828 2618 atque
900 2606 902 2611 ,

41 2622 261 2690 eloquentissituo,
278 2636 356 2688 atque
369 2641 401 2676 ex
413 2642 460 2689 eo,
479 2626 525 2689 qui
539 2642 594 2675 uon
604 2625 633 2675 ia
646 2622 762 2686 libellis,
780 2617 827 2671 sed
