2017 2975
372 69 390 91 a

105 125 114 146 Ι

56 181 80 214 ’·
98 225 131 249 ,..
151 181 213 243 aso
265 163 299 236 ζ
401 153 456 236 aa
492 178 696 270 oaaroaa
733 170 735 174 ·

167 317 361 384 gnitionemque
381 306 631 376 comprehenderis,
655 309 764 369 eainque
778 317 889 354 omnem
903 317 964 354 cnm

169 388 236 443 eius,
256 381 300 446 qui
310 380 420 444 consilio
428 390 454 427 et
462 378 579 441 oratipne
589 377 615 424 in
625 376 729 435 civitate
736 373 838 433 valeat,
858 372 966 421 scientia

102 443 107 452 ¹
137 487 139 492 »
169 466 247 517 atque
260 446 445 497 exercitatione
461 446 580 494 sociaris:
602 444 643 492 illi
665 443 722 490 nati
743 443 771 489 in
791 441 903 501 litteris,
929 456 968 487 ar·

171 520 311 579 dentesque
325 513 367 578 his
381 512 490 576 studiis,
509 514 638 563 otio'vero
651 507 813 568 diffluentes,
841 526 897 557 nun
914 523 967 560 mo·

172 586 207 635 do
222 583 291 633 nihil
301 582 485 647 acquisierint,
503 579 550 629 sed
563 597 596 628 ne
607 579 730 628 relictum
744 576 967 641 quidem,1ettra·

172 653 275 711 ditum,
294 662 320 698 et
334 667 411 699 suum
428 648 646 699 conservaverint.
798 697 800 700 ⁸
907 687 910 688 γ

240 716 366 767 XXXIII.
401 719 472 767 Tum
493 714 619 777 Crassus,
651 712 711 762 Non
724 714 763 762 ,in
784 710 850 773 hae,
878 709 968 774 inquit,

140 845 141 849 Ἰ
173 805 240 849 una,
257 784 364 846 Catule,
381 801 425 847 re,
445 782 491 833 sed
506 785 534 833 in
546 783 604 832 aliis
619 782 700 831 etiam
711 776 904 844 compluribus,
921 776 970 826 dis·

176 854 322 914 tributipne
344 853 460 918 partium
480 868 511 912 ac
525 852 687 916 separatione
700 846 900 912 magnitudines
915 856 971 896 snnt
1000 901 1001 908 ἵ

176 923 275 972 artium
287 920 441 969 diminutae.
476 919 519 968 An
533 932 561 968 tu
575 918 723 977 existimas,
749 930 811 963 cum
828 913 898 964 e'sset
912 914 971 977 Hip·

196 999 296 1039 ocrates
309 990 355 1037 ille
370 986 456 1048 Cous,
475 987 553 1036 fuisse
566 998 625 1035 tum
637 986 701 1033 alios
708 982 835 1043 medicos,
854 983 902 1047 qui
908 998 972 1029 mor·
1000 1003 1001 1006 ¹

176 1009 233 1119 his,
252 1055 335 1116 alios,
363 1057 408 1122 qui
423 1054 596 1117 vulneribus,
617 1054 699 1113 alios,
715 1052 767 1118 ,qui
784 1051 870 1099 oeulis
889 1048 972 1099 mede·

178 1120 289 1175 rentur?
316 1138 384 1188 naun
402 1124 589 1189 geometriam,
610 1118 723 1169 Euclide
742 1131 787 1169 ant
802 1116 971 1174 Archimede,
1000 1161 1001 1164 ,

179 1208 245 1241 num
256 1191 399 1249 musicam,
417 1189 536 1238 Damone
563 1187 800 1250 aut—Aristoxeno,
825 1202 894 1235 num
911 1183 971 1252 ipsis
1000 1199 1001 1226 ι

178 1260 293 1316 litteras,
309 1254 483 1321 Aristophane
507 1268 552 1304 aut
571 1254 736 1304 Callimacho
756 1264 903 1316 tractante,
925 1266 974 1302 tam
1000 1259 1001 1316 j

159 1319 164 1328 ¹
181 1326 325 1392 discerptas
336 1322 427 1385 fuisse,
444 1334 473 1371 ut
486 1338 566 1372 nemo
573 1340 654 1387 genus
661 1324 812 1371 tmiversum
819 1319 974 1388 complecte-
1000 1321 1001 1376 J

180 1406 269 1452 retur,
286 1401 363 1455 atque
377 1400 408 1440 ut
421 1392 487 1440 alius
503 1392 583 1454 aliam
597 1390 649 1441 sibi
661 1395 780 1457 partem,
806 1390 835 1438 in
856 1405 910 1455 qua
928 1389 975 1437 elaz
1000 1403 1001 1462 ι

181 1461 304 1521 horare-t,
334 1455 488 1525 seponeret?
513 1458 646 1524 Equidem
668 1475 742 1522 saepe
760 1457 812 1508 hoe
835 1457 927 1508 andivi
946 1454 974 1504 de
1000 1485 1001 1537 ,

127 1530 131 1537 “
181 1542 255 1597 patre
270 1540 296 1577 et
310 1525 343 1575 <le
355 1544 445 1576 socero
456 1540 532 1589 meo,
549 1540 652 1579 nostros
665 1544 769 1593 quoque
779 1526 916 1592 homines,
936 1523 975 1590 qui

183 1596 312 1647 excellere
327 1596 468 1660 sapientiae
480 1596 565 1659 gloria
574 1596 684 1654 vellent,
710 1595 814 1656 omnia,
838 1594 976 1659 quae'qni·
1000 1630 1001 1637 ,

184 1666 247 1714 dem
258 1676 319 1725 tum
329 1663 391 1710 haec
408 1664 498 1727 ciritas
516 1675 617 1725 nosset,
642 1663 735 1710 solitos
757 1679 811 1710 esse
829 1660 978 1728 complecti.

183 1732 360 1782 Meminerant
373 1729 415 1779 illi
431 1731 491 1779 Sex.
502 1729 624 1792 Aelium,
649 1730 685 1778 Μ’
701 1747 762 1778 vero
774 1729 917 1778 Manilinm
934 1742 979 1776 nes
999 1741 1001 1801 ι

185 1799 271 1848 etiam
280 1795 398 1846 vidimus
409 1810 555 1848 transverso
561 1798 743 1847 ambulantem
751 1796 810 1847 soro
819 1819 827 1860 ἦ
847 1794 919 1860 quod
926 1804 979 1844 erat

185 1866 302 1929 insigne,
321 1878 400 1925 eum,
418 1867 463 1926 qui
481 1864 511 1914 id
532 1866 645 1927 faceret,
669 1866 754 1913 facere
776 1865 877 1915 civibus
896 1864 979 1912 omui·

185 1932 235 1980 bus
251 1931 354 1989 consilii
366 1931 405 1980 sui
417 1932 537 1997 copiam:
562 1933 596 1982 ad
610 1951 674 1998 quos
691 1934 757 1980 olim
780 1934 864 1981 etita
888 1931 980 1980 ambu·

186 2000 284 2059 lantes,
301 2008 328 2046 et
345 1999 372 2045 in
385 1999 451 2046 solio
465 1997 584 2049 sedentes
601 2000 689 2060 domi,
707 2001 745 2048 sic
766 1999 906 2060 adibatur,
929 2014 980 2047 non

186 2068 274 2115 solum
289 2076 319 2131 nt
334 2060 434 2115 tle-iure
446 2067 519 2116 civili
533 2066 566 2116 ad
578 2086 636 2130 eos,
663 2063 754 2117 verram
771 2070 854 2116 etiam
875 2068 909 2116 de
930 2067 979 2114 filia

188 2131 359 2193 collocanda,
381 2133 414 2182 de
425 2133 510 2184 fundo
525 2136 651 2196 emendo,
672 2135 705 2184 de
718 2151 781 2199 agro
793 2135 925 2197 colendo,
950 2133 980 2182 de

188 2202 260 2250 omni
280 2199 392 2266 denique
404 2214 448 2250 aut
461 2202 556 2261 officio,
572 2215 618 2251 aut
631 2204 736 2269 negotio
745 2204 899 2267 referretur.
916 2204 981 2252 Haec

148 2282 165 2292 ⁶
187 2268 238 2317 fuit
252 2264 281 2316 P.
295 2266 381 2319 Crassi
394 2269 465 2319 illius
478 2271 589 2332 veteris,
607 2270 718 2324 haecTi.
729 2268 908 2331 Coruncanii,
921 2271 980 2319 haee

153 2366 156 2377 ·
187 2335 278 2402 proavi
288 2336 378 2399 generi
389 2337 457 2399 mei,
474 2336 615 2402 Scipionis,
641 2337 840 2403 prudentissimi
860 2338 981 2394 hominis,

188 2403 330 2467 sapientia,
349 2404 394 2466 qui
405 2419 497 2467 omnes
511 2405 647 2469 pontifices
658 2406 899 2467 maalmisueruut,
917 2404 982 2454 utad

189 2487 233 2518 eos
247 2468 279 2518 de
291 2469 413 2518 omnibus
427 2470 522 2520 divinis
535 2484 613 2539 atque
633 2473 755 2535 humanis
764 2473 852 2523 »rebus
875 2474 984 2522 reterre·

187 2548 245 2608 tur:
263 2534 400 2609 iidemque
413 2537 478 2588 etin
494 2550 601 2601 senatu,
619 2553 645 2590 et
660 2541 730 2606 apud
745 2544 891 2608 populum,
910 2554 937 2591 et
959 2543 983 2589 in
1000 2590 1001 2603 2

188 2605 271 2655 causis
285 2603 447 2666 amicorum,
467 2615 493 2652 et
509 2604 598 2669 domi,
617 2621 644 2657 et
658 2610 769 2658 militiae
781 2614 929 2661 eonsilium
946 2629 983 2660 sn»
1000 2606 1001 2643 ἶ

187 2687 234 2720 am
258 2668 389 2737 fidemque
413 2670 589 2738 praestabant.
632 2672 706 2741 Quid
725 2679 797 2729 enim
815 2668 856 2737 ιιι.
881 2679 1002 2755 catonis,
