2017 2975
254 89 257 110 p
316 83 326 95 6

13 159 15 242 l
55 171 61 192 ·
261 177 391 228 tisun
426 178 629 230 rnurtvs.
797 199 848 252 209

13 249 15 312 i
46 303 117 350 rales
133 297 284 360 doctrinae,
307 314 386 376 atque
401 281 528 370 ingenuae
550 293 762 363 emundentur,
785 319 846 369 geo·
921 303 926 314 “

44 370 185 430 metr-iam,
202 371 346 433 musicam,
364 370 513 422 litterarum
527 371 718 435 cognitionem,
742 385 768 422 et
783 379 851 438 poich,

45 451 152 496 tarum,
166 447 248 503 atque
263 440 324 501 illa,
344 457 410 505 quae
424 439 457 489 de
472 429 573 489 natlrris
583 433 696 498 rerum,
721 441 787 505 quae
809 440 843 489 de

44 506 188 554 hominum
201 507 334 568 moribus,
353 525 419 573 quae
430 506 553 560 derebus
572 501 668 557 ulilicis
683 507 841 557 dicerentur:

43 572 92 623 sed
107 572 250 636 annulum,
269 591 349 641 quem
361 574 484 637 haberet,
502 524 630 642 palium,
649 590 701 638 quo
721 576 840 637 amictus,

13 679 14 682 ,
44 647 151 701 soecos,
170 641 266 708 quibus
279 642 387 693 indutus
401 649 483 705 esset,
501 659 528 692 se
543 661 590 693 sua
599 643 841 694 manucensecisse.

44 709 154 757 Scilicet
168 711 248 759 nimis
260 709 306 758 liic
318 710 427 774 quidem
441 721 482 761 est
493 723 660 776 progressus,
686 708 733 758 sed
750 728 783 759 ex
808 728 839 759 eo

43 778 101 843 ipso
114 788 153 824 est
166 779 317 827 coniectura
334 779 434 840 facilis,
453 788 583 845 quantum
599 777 652 827 sibi
665 777 706 825 illi
722 778 771 843 ipsi
782 795 839 827 ora-

43 843 161 893 tor'esde
179 846 394 911 praeclarissimis
419 845 520 896 artibus
545 845 719 913 appetierint,
741 847 787 909 qui
806 863 838 894 ne

13 953 15 958 ,
40 909 344 976 sordidiores'quidem'
358 913 527 980 repudiarint.
570 914 644 977 Quid
670 912 703 962 de
725 910 838 968 Prodito

40 975 130 1032 Chio?
148 979 212 1044 quid
229 981 261 1030 de
276 982 359 1031 Thras
378 982 470 1031 macho
487 981 680 1040 Chalcedonio,
699 978 733 1028 de
747 978 839 1028 Prota.

39 1064 104 1113 gnra
113 1044 242 1097 Abderita
255 999 376 1113 loquar?y
386 1065 500 1117 quorum
506 1050 682 1115 unusquisque
690 1048 850 1116 plurimum.

40 1114 207 1181 temporibus
219 1117 289 1177 illis,
308 1119 389 1167 etiam
402 1118 435 1167 de
448 1135 481 1176 na
529 1136 542 1165 a
555 1135 647 1166 rerum
665 1127 691 1165 et
712 1115 837 1165 disseruit

39 1196 65 1232 et
77 1183 197 1248 scripsit.
226 1184 286 1251 Ipse
302 1186 347 1233 ille
361 1186 507 1236 Leontinus
522 1185 650 1250 Gorgias,
676 1197 728 1245 quo
747 1195 836 1249 patro·

39 1268 74 1299 uo
87 1250 127 1316 (nt
141 1249 218 1300 Plato
229 1250 323 1316 voluit)
336 1254 495 1320 philosopho
509 1251 650 1304 succubuit
667 1262 771 1311 orator,
790 1251 836 1316 qui
856 1289 870 1318 ι

38 1330 84 1367 aut
99 1335 154 1367 non
168 1326 208 1368 es't
219 1321 305 1369 rictus
321 1337 450 1388 umquam
462 1337 476 1368 a
487 1321 619 1382 Socrate,
639 1334 724 1383 neque
747 1333 835 1385 sermo

38 1387 85 1435 ille
100 1383 218 1436 Plutonis
231 1391 307 1437 verus
316 1400 373 1438 est:
392 1401 452 1449 aut,
470 1389 493 1436 si
510 1400 549 1437 est
568 1389 670 1448 victus,
689 1386 835 1450 eloquenti-

36 1471 69 1503 or
78 1451 203 1525 videlieet
217 1433 282 1514 init,
298 1467 325 1506 et
339 1454 464 1506 disertior
479 1454 614 1516 Socrates,
633 1464 673 1521 et,
701 1464 732 1502 ut
748 1463 777 1501 tu
790 1469 835 1518 ap·

35 1522 138 1588 pellas,
159 1523 289 1587 copiosior
302 1526 435 1574 etmelior
452 1535 556 1574 orator:
591 1521 637 1572 sed
657 1518 713 1580 hic,
737 1521 765 1568 iu
784 1520 833 1568 illo

15 1588 16 1591 ’
35 1591 94 1655 ipso
108 1588 226 1639 Platonis
238 1590 308 1645 libro
319 1590 378 1651 „de
390 1593 462 1647 omui
476 1607 519 1651 re,
538 1603 718 1653 quaecumque
738 1589 766 1636 in
780 1585 833 1635 dis·

35 1658 211 1721 ceptationem
224 1661 453 1726 quaestionemque
468 1671 618 1717 vocaretur,
641 1671 668 1704 se
687 1654 833 1721 copiosissi-

34 1740 80 1774 me
95 1724 230 1775 dicturum
242 1743 297 1776 esse
309 1729 463 1792 profitetur3
477 1728 551 1791 isque
564 1726 685 1792 princeps
699 1739 731 1772 ex
748 1722 833 1771 omni·

14 1808 15 1811 ¹
34 1791 88 1842 bus
101 1809 180 1842 ausu,
192 1804 231 1842 est
242 1795 270 1843 in
279 1808 410 1845 conventu
423 1802 545 1862 poscere,
570 1806 621 1855 qua
636 1789 669 1841 de
682 1807 711 1839 re
720 1790 831 1855 quisque

34 1860 117 1910 vellet
132 1859 236 1910 audire:
254 1863 298 1911 eui
308 1874 397 1912 tentus
414 1862 498 1912 honos
515 1859 621 1912 habitus
631 1869 671 1909 est
687 1857 830 1917 aGraecia,

34 1927 86 1979 soli
103 1938 135 1977 ut
149 1945 182 1977 ex
195 1928 318 1980 omuibus
326 1929 439 1997 Delphis
449 1947 502 1980 non
523 1930 641 1978 inaurata
657 1936 742 1987 statua
748 1960 757 1987 ‚
782 1923 830 1973 sed

34 2002 113 2044 a‘urea
127 1998 294 2046 stitueretur.
328 1997 364 2048 At
383 2014 416 2046 ue
430 1999 467 2059 it,
484 2013 551 2060 quos
565 1995 715 2055 nominari,
741 1993 830 2040 multi·

33 2078 86 2128 qne
103 2075 238 2129 praeterea
252 2067 349 2114 summi
363 2015 470 2114 dicendi
484 2074 616 2123 auctores,
638 2076 690 2111 uno
709 2071 827 2123 tempore

15 2130 155 2181 ,suertmtz
174 2147 206 2180 ex
220 2130 315 2194 quibus
327 2131 441 2197 intelligi
456 2143 556 2197 potest,
577 2131 612 2179 ita
624 2145 650 2176 se
668 2142 726 2177 rem
749 2124 829 2174 habe·
861 2168 876 2186 ,,

28 2212 73 2257 re,
90 2210 123 2249 ut
137 2209 183 2259 tu,
202 2196 308 2261 Crasse,
326 2199 406 2262 dicis3
424 2199 586 2263 oratorisque
595 2202 692 2247 nonteu
706 2190 777 2259 apud
785 2204 828 2241 sn'n

30 2265 122 2331 liquos
133 2266 163 2315 iu
178 2265 305 2328 Graecia,
322 2269 423 2317 msiore
437 2264 552 2334 quadarn
561 2267 604 2315 rel
616 2265 690 2329 copia
712 2261 754 2311 vel
772 2261 828 2327 glo·

27 2333 85 2391 rie,
103 2334 233 2383 floruisse.
268 2333 329 2399 Quo
340 2335 448 2401 quidem
462 2333 545 2398 magis
558 2331 660 2392 dubito,
677 2329 828 2396 tibineplus
873 2336 881 2347 ⁸

28 2398 133 2462 leudis,
150 2400 306 2451 snGraecis
320 2404 375 2452 ritu
395 2402 519 2454 erationis
529 2417 583 2452 esse
594 2397 765 2449 tribuendum
776 2409 828 2448 sta·

28 2477 118 2517 tuam:
137 2484 201 2517 cnm
213 2479 254 2530 tu,
273 2470 301 2518 in
315 2471 366 2520 alie
376 2422 470 2537 lingus
486 2486 517 2519 to
530 2456 651 2518 moribu¹s
669 2477 761 2527 natus,
783 2479 828 2513 ot·

15 2535 202 2600 eupatissima
218 2536 247 2586 in
262 2536 380 2600 civitate,
391 2540 434 2589 rel
447 2538 613 2605 privatorum
625 2533 736 2599 negotiis
748 2548 828 2598 paene
845 2557 850 2563 ·

25 2601 172 2663 ⁰¹¹²¹¹lb¹²¹s
188 2604 231 2653 vel
241 2603 314 2655 orbis
328 2618 411 2657 terret
418 2606 619 2672 procuratione,
638 2600 829 2663 aerummiigns

25 2670 95 2735 perii
109 2670 303 2735 gubernatione
317 2673 466 2739 districtus,
483 2682 585 2724 tantam
602 2669 659 2722 rim
675 2681 765 2718 rerum
786 2682 830 2720 eo·

72 2749 140 2802 Cloe
157 2753 191 2804 T·
207 2753 244 2805 ue
564 2746 567 2751 ·
640 2752 666 2805 0

472 2843 488 2872 ἱ
