2017 2975
27 30 28 37 ,
432 3 447 29 ι

26 84 28 127 ε
109 92 132 135 a
216 104 218 111 „

26 138 27 175 ¹
103 244 133 252 Ι,
211 142 661 236 ,ίιηιιεεονῑωνε
798 182 849 239 aas

24 278 26 297 Σ
78 311 81 321 “
118 298 252 353 LXXIV..
275 300 372 351 Dicim
384 300 523 366 equidem,
542 255 765 371 Cieaardinlqnit,
783 304 849 373 quid

50 369 219 436 intelligam:
239 366 285 417 sed
302 380 328 418 et
339 381 382 431 tu,
401 382 427 419 et
438 389 485 420 vos
497 371 662 431 omneshoc‚
680 373 775 438 inquit,
793 390 849 431 me·
893 405 898 411 ·

48 449 186 498 mentote,
204 454 260 486 non
273 452 316 484 me
331 436 364 486 de
378 436 488 502 perfecti
503 439 614 489 oratoris
627 438 764 493 divinitate
786 454 849 505 qua·

49 504 112 554 dam
127 505 222 571 loqui,
237 501 283 553 sed
297 501 329 551 de
337 506 529 555 exercitationis
538 517 564 555 et
572 506 848 563 consuetudinismeaa
893 526 896 535 ¹

49 571 249 622 mediocritate.
288 569 376 637 Crassi
394 571 502 637 quidem
529 580 688 639 responsum
716 576 850 626 excellen-

50 643 83 689 tis
98 639 240 689 cuiusdam
255 648 294 688 est
309 639 408 703 ingenii
428 657 457 688 ac
478 641 630 705 singularis:
656 643 699 691 cui
718 642 848 708 quiddam

51 709 169 775 portenti
182 706 271 759 ,simile
285 723 340 754 esse
359 708 444 756 visum
459 720 514 767 eat,
532 725 607 773 posse
621 709 737 774 aliquem
749 712 849 765 inveni·
922 746 931 754 .

51 777 72 833 ai
87 787 237 834 oratorem,
260 774 306 838 qui
320 773 421 837 aliquid
435 776 499 823 mati
514 774 611 824 laceret
624 774 754 838 dicendo,
773 777 848 826 dhes·
856 809 864 817 ,.

50 855 143 908 tetque
156 842 198 903 ei,
216 856 297 903 quem
315 839 484 890 defenderet:
499 842 570 891 iacit
590 844 662 892 enim
679 842 717 892 vdc
737 860 764 894 se
785 862 848 893 con·

49 912 196 971 iecturam3
215 910 288 958 cuins
297 919 370 957 tanta
393 910 431 959 vis
453 909 552 973 ingenii
572 922 626 969 est,
651 921 682 959 ut
703 912 846 971 neminem,

49 978 100 1027 nisi
115 976 252 1036 consulto,
269 987 358 1042 putet,
376 974 448 1042 quod
461 978 554 1026 contra
565 995 592 1026 se
609 978 696 1043 ipsum
709 979 759 1038 sit,
779 977 851 1027 diceb⁴

50 1061 92 1096 re:
113 1042 170 1109 (sed
187 1059 234 1107 ego
246 1060 297 1090 non
312 1043 344 1091 de
357 1045 499 1109 praestanti
514 1043 628 1110 quadam
644 1044 782 1104 eteximia,
801 1042 849 1094 sed
865 1096 871 1103 ,

49 1127 133 1179 prope
145 1110 179 1159 de
189 1112 290 1175 vulgari
301 1122 327 1160 et
339 1112 475 1161 communi
495 1110 636 1176 prudentia
656 1109 762 1176 disputo
773 1108 795 1174 ε)
818 1121 849 1159 ut

51 1176 124 1244 apud
136 1177 251 1227 Graecos
265 1178 349 1227 fertur
363 1179 513 1228 incredibili
531 1178 646 1243 quadam
663 1173 848 1243 magnitudine

52 1246 158 1295 consilii
178 1256 255 1310 atque
276 1246 373 1313 ingenii
389 1246 556 1296 Atheniensis
573 1247 619 1295 ille
641 1244 718 1295 fuisse
741 1246 849 1310 Themi·

51 1313 163 1374 atocles3
180 1312 213 1362 ad
230 1330 309 1377 quem
322 1310 430 1377 qnidam
444 1313 744 1376 doetushomoatqnein
756 1314 848 1379 primia
892 1318 894 1322 ’

28 1376 171 1431 'eruditus
195 1381 331 1429 accessisse
352 1379 464 1440 dicitur,
493 1382 569 1445 eique
591 1391 675 1431 artem
694 1382 848 1440 memoriae,

53 1459 193 1516 quactum
212 1447 330 1512 primum
348 1447 545 1512 proferebatur,
571 1448 707 1513 pollicitus
725 1465 796 1507 ease,
820 1463 848 1496 ae

51 1515 231 1566 traditurum:
247 1512 309 1563 cum
321 1515 366 1562 ssle
381 1516 536 1579 quaesisset,
554 1513 681 1578 quidnam
695 1516 743 1563 illa
758 1532 800 1564 ars
811 1515 849 1563 εἰ·

51 1583 127 1633 ficere
141 1593 243 1647 posset,
264 1579 360 1637 dixisse
376 1579 455 1631 illum
467 1581 617 1640 doctorem,
634 1594 665 1630 ut
681 1583 772 1630 omnia
793 1597 849 1630 mes

38 1652 183 1711 ‘minisset;
203 1660 229 1698 et
240 1649 265 1696 ei
277 1648 487 1720 Themistoclem
498 1648 678 1713 respondisse,
694 1648 793 1714 gratius
814 1649 849 1697 ai·
873 1643 878 1651 ⁷

52 1718 80 1767 bi
91 1718 171 1766 illum
182 1733 236 1765 esse
250 1716 399 1777 facturum,
424 1718 447 1765 ai
465 1733 492 1764 ae
512 1716 647 1776 oblivisci,
671 1734 737 1781 quae
758 1717 848 1776 vellet,
919 1714 928 1730 ‘

52 1785 173 1851 quamsi
192 1784 359 1844 meminisse,
385 1782 527 1856 dqouisset.
568 1783 695 1845 Videsne,
724 1801 790 1850 qnae
809 1784 849 1833 ris

52 1855 79 1902 in
93 1852 200 1904 homine
214 1853 335 1900 acerrimi
349 1852 465 1916 ingenii,
489 1867 569 1914 quam
587 1861 680 1917 potens
703 1865 730 1902 et
755 1863 850 1917 quanta
883 1873 886 1880 ·

51 1937 128 1969 mans
141 1915 241 1968 suerit?
259 1920 304 1984 qui
316 1921 352 1968 ita
366 1916 547 1985 responderit,
564 1932 595 1968 ut
606 1920 753 1985 intelligere
761 1936 849 1987 posse·

53 1979 125 2048 mus,
142 1985 210 2034 nihil
224 2003 256 2035 ex
276 1987 348 2036 illius
368 1987 473 2047 animo,
499 1985 572 2051 quod
593 1988 676 2037 semel
695 1998 761 2035 esset
780 1983 850 2036 insu*-

52 2070 127 2115 aum,
144 2069 270 2114 umquam
285 2054 389 2103 effluere
401 2054 533 2119 potuisse:
551 2070 613 2103 cum
627 2053 735 2117 quidem
754 2054 778 2101 ei
794 2053 850 2101 fue·
907 2077 911 2090 ·

53 2123 89 2172 rit
105 2120 266 2186 optabilius,
285 2119 403 2170 oblivisci
416 2136 492 2186 posse
505 2122 609 2185 potina,
619 2120 698 2183 quod
714 2121 849 2169 meminis·

53 2207 80 2239 ae
96 2190 195 2249 nollet,
214 2205 294 2252 quam
308 2187 381 2250 quod
394 2189 476 2237 semel
491 2185 605 2236 audisset
619 2186 773 2247 vidissetve,
783 2183 849 2236 ¹'rne-

53 2257 168 2306 miuisse.
212 2255 265 2303 Sed
283 2271 403 2322 pinques
419 2267 527 2320 propter
547 2254 601 2308 hoo
616 2253 789 2303 Themistocli
810 2271 850 2302 re·

53 2340 193 2390 sponsum,
215 2324 359 2371 memoriae
371 2322 448 2370 nobis
464 2338 544 2386 opera
557 2320 644 2371 danda
659 2338 712 2371 non
729 2335 781 2381 est,
804 2337 850 2370 ue·

54 2409 103 2455 que
118 2392 163 2439 illa
176 2405 234 2437 mea
245 2391 332 2439 cautio
344 2402 370 2439 et
381 2387 510 2439 timiditas
518 2391 546 2439 in
553 2391 645 2451 causis,
663 2402 770 2456 propter
778 2405 850 2454 prae·
899 2391 902 2399 '

54 2469 164 2507 stantem
173 2456 345 2522 prudentiam
359 2455 459 2518 Crassi,
478 2456 632 2522 negligenda
642 2467 691 2507 est.
732 2458 850 2521 Uterque

54 2526 125 2574 enim
137 2526 250 2573 istorum
261 2540 314 2572 non
327 2523 395 2572 mihi
409 2524 500 2572 attulit
513 2525 643 2587 aliquam,
668 2521 717 2572 sed
730 2539 805 2573 auam
817 2523 856 2588 ak

53 2591 186 2657 gnificavit
198 2590 358 2642 facultatem.
391 2590 498 2639 Etenim
507 2592 638 2658 permulta
644 2601 704 2638 aunt
719 2591 747 2638 in
759 2590 850 2645 causis,

54 2660 81 2707 in
95 2658 168 2709 omni
183 2669 257 2726 parte
270 2657 395 2710 orationis
414 2655 665 2722 circumspiciendi,
688 2672 722 2705 ne
735 2653 800 2721 quid
813 2654 852 2703 of·

12 2901 71 2920 l-.-l..
