2017 2975
131 147 146 206 t»
404 139 704 232 unisona-*roan
825 139 840 159 s

99 279 105 290 ⁴
132 282 215 342 cepta*
228 282 370 338 superaret.
412 269 496 320 Erant
521 278 619 324 autem:
631 269 692 319 hnic
703 269 793 321 studio
806 274 934 333 maxima,

132 356 197 404 quae
213 356 283 392 nunc
316 351 400 402 noque
414 346 482 396 sunt,
501 339 617 403 exposita
633 339 756 403 praemia,
775 340 817 389 vel
833 339 866 390 ad
874 358 934 405 gra·

130 405 267 466 tiam,'vel
282 356 316 454 ad
344 421 420 471 opes,
445 408 486 453 vel
498 403 532 452 ad
549 403 714 469 dignitatem.
749 406 947 471 Ingeniuvero‘
968 411 969 414 ’

129 474 171 541 (ut
183 474 276 524 multis
290 472 368 522 rebus
383 487 521 538 possumus
538 470 664 536 iudicare)
682 486 834 523 nostrorum
848 475 936 524 homi=

131 557 195 590 num
219 539 334 590 multum
358 542 450 589 ceteris
470 535 647 606 [bominibus]
668 543 788 596 omnium
813 544 935 606 gentium

131 611 326 676 praestiterunt.
362 607 465 676 Quibus
480 607 513 656 de
533 610 625 668 causis,
644 610 769 675 quianon
784 611 840 658 iure
853 612 935 660 mire·

131 689 188 736 tur,
203 694 235 725 ex
248 673 454 730 omnimcmoria
463 686 587 735 aetatum,
605 687 768 741 temporum,
784 678 936 740 civitatum,

132 753 188 816 tam
202 745 331 810 exiguum
343 748 479 793 oratorum
492 749 633 794 numerum
646 741 777 794 inveniri?

200 879 235 929 V.
255 877 309 930 Sed
318 880 447 932 nimirum
455 871 542 930 maius
550 878 788 946 esthooqniddam‚
797 897 877 945 quam
889 881 938 936 ho.

133 948 218 996 taines
237 950 386 1014 opinantur,
417 957 445 994 et
468 946 591 1013 pluribus
609 965 641 997 ex
664 947 765 997 artibus
787 948 937 1013 studiisque

61 1033 99 1054 α
133 1013 286 1063 collectuma¹
302 1017 368 1080 Quis
376 1016 446 1064 enim
454 1013 570 1074 aliud,in
577 1016 691 1063 maxima
700 1015 859 1065 discentium
866 1018 939 1065 mul·

133 1082 255 1142 titudine,
274 1095 378 1130 summa
395 1087 587 1146 magistrumn
605 1084 688 1148 copia,
705 1084 940 1146 praestantissimis

49 1181 55 1188 ·
133 1149 521 1213 homiuumingeniis,-intinita
530 1165 667 1198 cansartun
677 1152 808 1216 uarietate,
827 1152 938 1216 amplis-

134 1218 208 1282 simis
223 1216 384 1281 eloquentiae
398 1217 547 1281 “propositis
564 1218 697 1281 praemiis,
715 1235 769 1267 esse
782 1235 873 1267 causac
885 1236 938 1285 ,pu-

126 1293 180 1345 tet,
198 1284 248 1332 nisi
261 1285 300 1331 rei
318 1283 451 1400 quantiam
466 1282 653 1333 incredibilem
671 1285 882 1349 magnitudinem
905 1304 938 1335 ac
974 1313 994 1330 =.

124 1351 319 1420 difficultatem
371 1351 420 1398 Est
436 1352 545 1399 enimet
558 1352 668 1400 scientia
688 1354 827 1418 comprelre
864 1353 939 1425 ,uda

113 1435 221 1467 ·rerum
235 1415 419 1484 plurimarum,
438 1420 492 1468 sine
507 1436 558 1484 qua
580 1420 721 1469 v‘erhorum'
734 1421 835 1470 volubil
860 1423 939 1470 asin,

132 1489 190 1537 anis
207 1498 283 1552 atque
301 1485 435 1538 irridenda
456 1500 494 1536 est
501 1499 554 1543 ;‘et
566 1489 621 1554 ipsa
638 1491 722 1538 oratio
736 1489 938 1549 conformanda,

71 1566 74 1571 “
132 1572 187 1605 non
208 1556 296 1605 solum
319 1556 455 1616 electione,
473 1553 614 1605 sedetiam
635 1558 829 1607 constructione
844 1556 962 1607 verbus

95 1663 98 1670 .
132 1638 209 1673 tum:
225 1634 250 1671 et
268 1638 358 1673 omncs
379 1624 531 1671 animorum
543 1636 638 1680 motus,
665 1624 881 1688 quoshominum
893 1641 939 1689 ge·
1007 1628 1008 1673 ἶ

133 1691 190 1739 neri
206 1706 296 1738 rerum
306 1700 398 1739 natura
413 1689 516 1749 tribuit,
534 1692 638 1755 penitus
653 1691 848 1753 pernoscendi,
862 1692 938 1757 quod

133 1758 220 1806 omnis
231 1757 272 1806 vis
295 1757 414 1822 ratioque
440 1755 561 1816 dicendi,
585 1759 612 1805 in
630 1774 730 1818 eorum,
755 1761 800 1824 qui
814 1758 937 1822 audiunt,

50 1820 56 1827 ’
132 1825 267 1874 mentibus
283 1809 328 1874 adt
338 1818 471 1890 sedandis,¹
490 1835 535 1873 aut
543 1824 688 1874 excitandis
699 1826 877 1892 expromenda
886 1840 936 1876 est.
1006 1822 1007 1833 ¹

132 1890 251 1942 Accedat
271 1891 366 1941 eodem
384 1902 488 1959 oportet
503 1893 577 1958 lepos
598 1893 706 1956 quidam
718 1894 887 1956 facetiaeque,
909 1907 937 1944 et

132 1959 247 2008 eruditio
267 1959 352 2009 libero
371 1957 459 2025 digua,
484 1962 654 2022 celeritasque
676 1972 702 2009 et
722 1960 836 2011 brevitas
857 1972 883 2010 et
895 1979 937 2013 re·

103 2045 104 2050 ¹
133 2026 282 2093 spondendi
296 2040 322 2076 et
339 2028 494 2089 incessendi,
512 2027 603 2080 subtili
617 2040 750 2095 venrtstate
766 2039 843 2094 atque
856 2029 937 2079 utba·
995 2092 998 2097 .

80 2104 84 2109 “
132 2094 214 2144 tiitate
233 2097 382 2145 coniuncta.
427 2094 551 2146 Tenenda
570 2106 700 2160 praeterea
714 2107 754 2144 est
767 2099 853 2146 omnis
865 2100 937 2147 anti·
1004 2138 1005 2147 ,

133 2164 219 2229 quita's
234 2160 466 2230 exemplorumque
479 2165 532 2212 ris:
550 2177 634 2224 neque
643 2163 740 2227 legum,
760 2175 804 2212 aut
818 2165 884 2213 iuris
898 2167 937 2214 ci·
1003 2168 1005 2236 j

132 2231 192 2281 vilis
208 2231 316 2282 scientia
327 2230 483 2296 negligenda
494 2241 542 2280 est.
577 2228 729 2296 Numquid
748 2228 936 2295 egodeactio·
1004 2239 1005 2251 ¹

131 2315 164 2346 ne
182 2300 237 2364 ipsa
252 2301 328 2365 plura
343 2295 450 2348 dicam?
469 2316 533 2364 quac
540 2307 615 2346 motu
629 2299 755 2365 corporis,
775 2317 840 2364 quae
848 2300 934 2364 gestu,

50 2382 53 2389 ⁴
150 2383 198 2415 uae
214 2368 299 2428 vultu,
319 2381 384 2433 qnae
391 2366 463 2414 vocis
481 2366 689 2427 conforrnatione
698 2384 728 2415 ac
742 2368 867 2417 varietate
876 2380 936 2417 mo·

131 2382 249 2483 deranda
262 2447 314 2485 est:
333 2448 398 2501 quac
410 2433 465 2482 sola
481 2450 528 2499 per
540 2451 566 2482 se
581 2435 636 2500 ipsa
653 2446 750 2500 quanta
762 2433 937 2493 sit,„bistrio·

131 2516 196 2550 num
208 2500 272 2563 levis
289 2519 331 2551 ars
350 2510 377 2550 et
394 2502 470 2559 scena
493 2499 624 2549 declarat:
653 2503 746 2566 inqua
767 2519 828 2550 cum
841 2516 933 2550 omnes

131 2569 158 2617 in
172 2570 233 2629 oris,
251 2581 278 2617 et
288 2570 368 2629 vocis,
388 2577 414 2615 et
427 2578 517 2618 motus
531 2567 713 2618 moderatione
722 2567 866 2629 elaborent,
873 2571 933 2633 quis
952 2587 956 2592 ’

83 2682 89 2695 ,
131 2637 241 2705 ignorat,
265 2649 344 2705 quam
366 2636 443 2703 pauci
465 2636 531 2700 sint,
563 2636 729 2711 fuerintque,
756 2655 822 2705 quos
842 2638 936 2704 animo,
995 2644 998 2653 “
