<?xml version="1.0" encoding="UTF-8"?>
<!DOCTYPE html PUBLIC "-//W3C//DTD XHTML 1.0 Transitional//EN"
    "http://www.w3.org/TR/xhtml1/DTD/xhtml1-transitional.dtd">
<html xmlns="http://www.w3.org/1999/xhtml" xml:lang="en" lang="en">
 <head>
  <title>
</title>
<meta http-equiv="Content-Type" content="text/html;charset=utf-8" />
  <meta name='ocr-system' content='tesseract 3.04.00' />
  <meta name='ocr-capabilities' content='ocr_page ocr_carea ocr_par ocr_line ocrx_word'/>
</head>
<body>
  <div class='ocr_page' id='page_1' title='image "./mtvlliciceronis04cicegoog/mtvlliciceronis04cicegoog_0096.png"; bbox 0 0 2017 2975; ppageno 0'>
   <div class='ocr_carea' id='block_1_1' title="bbox 136 118 686 229">
    <p class='ocr_par' dir='ltr' id='par_1_1' title="bbox 136 118 686 229">
     <span class='ocr_line' id='line_1_1' title="bbox 136 118 686 229; baseline 0 -26"><span class='ocrx_word' id='word_1_1' title='bbox 136 165 170 229; x_wconf 67' lang='lat'><strong>7‘*</strong></span> <span class='ocrx_word' id='word_1_2' title='bbox 198 118 202 127; x_wconf 65' lang='grc'><strong>’</strong></span> <span class='ocrx_word' id='word_1_3' title='bbox 361 152 437 207; x_wconf 81' lang='lat' dir='ltr'><strong>‚nu</strong></span> <span class='ocrx_word' id='word_1_4' title='bbox 472 150 686 227; x_wconf 66' lang='lat' dir='ltr'><strong>carrona</strong></span> 
     </span>
    </p>
   </div>
   <div class='ocr_carea' id='block_1_2' title="bbox 135 259 953 417">
    <p class='ocr_par' dir='ltr' id='par_1_2' title="bbox 135 259 953 417">
     <span class='ocr_line' id='line_1_2' title="bbox 135 259 953 346; baseline -0.017 -8"><span class='ocrx_word' id='word_1_5' title='bbox 135 287 232 346; x_wconf 80' lang='lat' dir='ltr'><strong>fitetur,</strong></span> <span class='ocrx_word' id='word_1_6' title='bbox 252 291 297 332; x_wconf 82' lang='lat' dir='ltr'><strong>aut</strong></span> <span class='ocrx_word' id='word_1_7' title='bbox 310 260 475 342; x_wconf 66' lang='lat' dir='ltr'><strong>elolluentiae</strong></span> <span class='ocrx_word' id='word_1_8' title='bbox 489 294 587 328; x_wconf 87' lang='lat' dir='ltr'><strong>nomen</strong></span> <span class='ocrx_word' id='word_1_9' title='bbox 595 274 803 343; x_wconf 81' lang='lat' dir='ltr'><strong>relinquendum</strong></span> <span class='ocrx_word' id='word_1_10' title='bbox 811 259 860 330; x_wconf 76' lang='lat' dir='ltr'><strong>est.</strong></span> <span class='ocrx_word' id='word_1_11' title='bbox 869 279 953 345; x_wconf 58' lang='lat' dir='ltr'><strong>Qssac</strong></span> 
     </span>
     <span class='ocr_line' id='line_1_3' title="bbox 135 347 946 417; baseline -0.005 -15"><span class='ocrx_word' id='word_1_12' title='bbox 135 372 164 404; x_wconf 87' lang='lat' dir='ltr'><strong>re</strong></span> <span class='ocrx_word' id='word_1_13' title='bbox 186 349 308 417; x_wconf 88' lang='lat' dir='ltr'><strong>equidem</strong></span> <span class='ocrx_word' id='word_1_14' title='bbox 318 360 344 397; x_wconf 87' lang='lat' dir='ltr'><strong>et</strong></span> <span class='ocrx_word' id='word_1_15' title='bbox 364 349 391 396; x_wconf 89' lang='lat' dir='ltr'><strong>in</strong></span> <span class='ocrx_word' id='word_1_16' title='bbox 406 358 496 397; x_wconf 84' lang='lat' dir='ltr'><strong>no&#39;stra</strong></span> <span class='ocrx_word' id='word_1_17' title='bbox 515 347 628 407; x_wconf 82' lang='lat' dir='ltr'><strong>civitate,</strong></span> <span class='ocrx_word' id='word_1_18' title='bbox 652 347 720 394; x_wconf 88' lang='lat' dir='ltr'><strong>etin</strong></span> <span class='ocrx_word' id='word_1_19' title='bbox 744 348 801 412; x_wconf 87' lang='lat' dir='ltr'><strong>ipsa</strong></span> <span class='ocrx_word' id='word_1_20' title='bbox 818 347 946 417; x_wconf 78' lang='lat' dir='ltr'><strong>Graecia,</strong></span> 
     </span>
    </p>
   </div>
   <div class='ocr_carea' id='block_1_3' title="bbox 27 413 948 488">
    <p class='ocr_par' dir='ltr' id='par_1_3' title="bbox 27 413 948 488">
     <span class='ocr_line' id='line_1_4' title="bbox 27 413 948 488; baseline -0.002 -22"><span class='ocrx_word' id='word_1_21' title='bbox 27 464 32 473; x_wconf 91' lang='grc'>,</span> <span class='ocrx_word' id='word_1_22' title='bbox 106 442 109 445; x_wconf 44' lang='lat'>*</span> <span class='ocrx_word' id='word_1_23' title='bbox 136 439 202 488; x_wconf 78' lang='lat' dir='ltr'><strong>quae</strong></span> <span class='ocrx_word' id='word_1_24' title='bbox 214 434 316 483; x_wconf 90' lang='lat' dir='ltr'><strong>semper</strong></span> <span class='ocrx_word' id='word_1_25' title='bbox 327 415 390 464; x_wconf 85' lang='lat' dir='ltr'><strong>haec</strong></span> <span class='ocrx_word' id='word_1_26' title='bbox 402 431 504 465; x_wconf 88' lang='lat' dir='ltr'><strong>summa</strong></span> <span class='ocrx_word' id='word_1_27' title='bbox 519 413 602 475; x_wconf 78' lang='lat' dir='ltr'><strong>duxit,</strong></span> <span class='ocrx_word' id='word_1_28' title='bbox 620 414 719 465; x_wconf 88' lang='lat' dir='ltr'><strong>multos</strong></span> <span class='ocrx_word' id='word_1_29' title='bbox 732 426 758 463; x_wconf 87' lang='lat' dir='ltr'><strong>et</strong></span> <span class='ocrx_word' id='word_1_30' title='bbox 775 416 948 478; x_wconf 72' lang='lat' dir='ltr'><strong>ingeniis,⁴et</strong></span> 
     </span>
    </p>
   </div>
   <div class='ocr_carea' id='block_1_4' title="bbox 54 482 1001 2720">
    <p class='ocr_par' dir='ltr' id='par_1_4' title="bbox 54 482 1001 2239">
     <span class='ocr_line' id='line_1_5' title="bbox 135 482 998 552; baseline -0.001 -19"><span class='ocrx_word' id='word_1_31' title='bbox 135 504 230 552; x_wconf 79' lang='lat' dir='ltr'><strong>magna</strong></span> <span class='ocrx_word' id='word_1_32' title='bbox 242 483 320 533; x_wconf 88' lang='lat' dir='ltr'><strong>laude</strong></span> <span class='ocrx_word' id='word_1_33' title='bbox 333 482 440 532; x_wconf 88' lang='lat' dir='ltr'><strong>dicendi</strong></span> <span class='ocrx_word' id='word_1_34' title='bbox 454 483 509 533; x_wconf 86' lang='lat' dir='ltr'><strong>sine</strong></span> <span class='ocrx_word' id='word_1_35' title='bbox 516 486 619 551; x_wconf 75' lang='lat' dir='ltr'><strong>summa</strong></span> <span class='ocrx_word' id='word_1_36' title='bbox 626 485 946 535; x_wconf 65' lang='lat' dir='ltr'><strong>rer-umomniumsciem</strong></span> <span class='ocrx_word' id='word_1_37' title='bbox 997 494 998 497; x_wconf 77' lang='grc'>’</span> 
     </span>
     <span class='ocr_line' id='line_1_6' title="bbox 135 549 947 615; baseline -0.007 -10"><span class='ocrx_word' id='word_1_38' title='bbox 135 558 173 605; x_wconf 88' lang='lat' dir='ltr'><strong>tia</strong></span> <span class='ocrx_word' id='word_1_39' title='bbox 186 555 263 604; x_wconf 81' lang='lat' dir='ltr'><strong>fuisse</strong></span> <span class='ocrx_word' id='word_1_40' title='bbox 276 553 373 600; x_wconf 76' lang='lat' dir='ltr'><strong>fateor:</strong></span> <span class='ocrx_word' id='word_1_41' title='bbox 392 552 472 600; x_wconf 84' lang='lat' dir='ltr'><strong>talem</strong></span> <span class='ocrx_word' id='word_1_42' title='bbox 482 566 543 599; x_wconf 86' lang='lat' dir='ltr'><strong>vero</strong></span> <span class='ocrx_word' id='word_1_43' title='bbox 549 550 672 599; x_wconf 81' lang='lat' dir='ltr'><strong>exsistere</strong></span> <span class='ocrx_word' id='word_1_44' title='bbox 683 549 947 615; x_wconf 66' lang='lat' dir='ltr'><strong>eloquentiamque-</strong></span> 
     </span>
     <span class='ocr_line' id='line_1_7' title="bbox 135 615 999 685; baseline -0.003 -13"><span class='ocrx_word' id='word_1_45' title='bbox 135 624 170 673; x_wconf 88' lang='lat' dir='ltr'><strong>lis</strong></span> <span class='ocrx_word' id='word_1_46' title='bbox 183 621 295 685; x_wconf 74' lang='lat' dir='ltr'><strong>fueritin</strong></span> <span class='ocrx_word' id='word_1_47' title='bbox 307 617 401 668; x_wconf 85' lang='lat' dir='ltr'><strong>Crasso</strong></span> <span class='ocrx_word' id='word_1_48' title='bbox 409 630 434 667; x_wconf 91' lang='lat' dir='ltr'><strong>et</strong></span> <span class='ocrx_word' id='word_1_49' title='bbox 443 615 568 677; x_wconf 80' lang='lat' dir='ltr'><strong>Antonio,</strong></span> <span class='ocrx_word' id='word_1_50' title='bbox 586 633 638 666; x_wconf 91' lang='lat' dir='ltr'><strong>non</strong></span> <span class='ocrx_word' id='word_1_51' title='bbox 648 617 760 680; x_wconf 82' lang='lat' dir='ltr'><strong>coguitis</strong></span> <span class='ocrx_word' id='word_1_52' title='bbox 767 617 849 668; x_wconf 82' lang='lat' dir='ltr'><strong>rebus</strong></span> <span class='ocrx_word' id='word_1_53' title='bbox 855 622 946 669; x_wconf 82' lang='lat' dir='ltr'><strong>omni·</strong></span> <span class='ocrx_word' id='word_1_54' title='bbox 998 626 999 641; x_wconf 67' lang='lat'>¹</span> 
     </span>
     <span class='ocr_line' id='line_1_8' title="bbox 88 684 999 755; baseline -0.001 -18"><span class='ocrx_word' id='word_1_55' title='bbox 88 704 91 709; x_wconf 53' lang='lat'><em>¹</em></span> <span class='ocrx_word' id='word_1_56' title='bbox 135 691 193 751; x_wconf 82' lang='lat' dir='ltr'><strong>bus,</strong></span> <span class='ocrx_word' id='word_1_57' title='bbox 213 705 279 755; x_wconf 86' lang='lat' dir='ltr'><strong>quae</strong></span> <span class='ocrx_word' id='word_1_58' title='bbox 291 685 326 736; x_wconf 79' lang='lat' dir='ltr'><strong>ed</strong></span> <span class='ocrx_word' id='word_1_59' title='bbox 338 698 438 735; x_wconf 82' lang='lat' dir='ltr'><strong>tantam</strong></span> <span class='ocrx_word' id='word_1_60' title='bbox 451 684 620 749; x_wconf 80' lang='lat' dir='ltr'><strong>prudentiam</strong></span> <span class='ocrx_word' id='word_1_61' title='bbox 637 685 807 748; x_wconf 78' lang='lat' dir='ltr'><strong>pertinerent,</strong></span> <span class='ocrx_word' id='word_1_62' title='bbox 825 698 946 736; x_wconf 83' lang='lat' dir='ltr'><strong>tantaru-</strong></span> <span class='ocrx_word' id='word_1_63' title='bbox 998 684 999 693; x_wconf 49' lang='lat'>¹</span> 
     </span>
     <span class='ocr_line' id='line_1_9' title="bbox 136 751 999 824; baseline -0.002 -18"><span class='ocrx_word' id='word_1_64' title='bbox 136 775 187 824; x_wconf 86' lang='lat' dir='ltr'><strong>que</strong></span> <span class='ocrx_word' id='word_1_65' title='bbox 205 754 311 805; x_wconf 86' lang='lat' dir='ltr'><strong>dicendi</strong></span> <span class='ocrx_word' id='word_1_66' title='bbox 325 755 437 819; x_wconf 84' lang='lat' dir='ltr'><strong>copiam,</strong></span> <span class='ocrx_word' id='word_1_67' title='bbox 455 758 551 814; x_wconf 72' lang='lat' dir='ltr'><strong>quanta</strong></span> <span class='ocrx_word' id='word_1_68' title='bbox 565 751 593 799; x_wconf 86' lang='lat' dir='ltr'><strong>in</strong></span> <span class='ocrx_word' id='word_1_69' title='bbox 604 752 657 813; x_wconf 76' lang='lat' dir='ltr'><strong>illis</strong></span> <span class='ocrx_word' id='word_1_70' title='bbox 672 751 760 813; x_wconf 84' lang='lat' dir='ltr'><strong>fuerit,</strong></span> <span class='ocrx_word' id='word_1_71' title='bbox 777 770 830 808; x_wconf 80' lang='lat' dir='ltr'><strong>non</strong></span> <span class='ocrx_word' id='word_1_72' title='bbox 839 757 947 819; x_wconf 70' lang='lat' dir='ltr'><strong>peruias</strong></span> <span class='ocrx_word' id='word_1_73' title='bbox 998 810 999 813; x_wconf 8' lang='grc' dir='ltr'><strong>Ἴ</strong></span> 
     </span>
     <span class='ocr_line' id='line_1_10' title="bbox 136 817 999 884; baseline -0.006 -8"><span class='ocrx_word' id='word_1_74' title='bbox 136 844 164 876; x_wconf 84' lang='lat' dir='ltr'><strong>se</strong></span> <span class='ocrx_word' id='word_1_75' title='bbox 176 824 311 879; x_wconf 80' lang='lat' dir='ltr'><strong>confirmo.</strong></span> <span class='ocrx_word' id='word_1_76' title='bbox 347 821 407 884; x_wconf 88' lang='lat' dir='ltr'><strong>Quo</strong></span> <span class='ocrx_word' id='word_1_77' title='bbox 414 821 495 869; x_wconf 85' lang='lat' dir='ltr'><strong>etiam</strong></span> <span class='ocrx_word' id='word_1_78' title='bbox 506 820 557 868; x_wconf 85' lang='lat' dir='ltr'><strong>leci</strong></span> <span class='ocrx_word' id='word_1_79' title='bbox 568 817 702 879; x_wconf 85' lang='lat' dir='ltr'><strong>libentius,</strong></span> <span class='ocrx_word' id='word_1_80' title='bbox 722 833 753 879; x_wconf 74' lang='lat' dir='ltr'><strong>ut</strong></span> <span class='ocrx_word' id='word_1_81' title='bbox 765 836 826 869; x_wconf 85' lang='lat' dir='ltr'><strong>eum</strong></span> <span class='ocrx_word' id='word_1_82' title='bbox 840 838 947 871; x_wconf 87' lang='lat' dir='ltr'><strong>sermo·</strong></span> <span class='ocrx_word' id='word_1_83' title='bbox 998 858 999 863; x_wconf 65' lang='lat'><strong>,</strong></span> 
     </span>
     <span class='ocr_line' id='line_1_11' title="bbox 136 882 999 954; baseline -0.001 -15"><span class='ocrx_word' id='word_1_84' title='bbox 136 910 206 954; x_wconf 84' lang='lat' dir='ltr'><strong>nem,</strong></span> <span class='ocrx_word' id='word_1_85' title='bbox 224 908 304 954; x_wconf 79' lang='lat' dir='ltr'><strong>quem</strong></span> <span class='ocrx_word' id='word_1_86' title='bbox 319 890 359 937; x_wconf 89' lang='lat' dir='ltr'><strong>illi</strong></span> <span class='ocrx_word' id='word_1_87' title='bbox 372 887 507 954; x_wconf 84' lang='lat' dir='ltr'><strong>quondam</strong></span> <span class='ocrx_word' id='word_1_88' title='bbox 522 888 628 942; x_wconf 75' lang='lat' dir='ltr'><strong>interae</strong></span> <span class='ocrx_word' id='word_1_89' title='bbox 641 885 726 936; x_wconf 83' lang='lat' dir='ltr'><strong>dehis</strong></span> <span class='ocrx_word' id='word_1_90' title='bbox 740 887 820 951; x_wconf 78' lang='lat' dir='ltr'><strong>rebus</strong></span> <span class='ocrx_word' id='word_1_91' title='bbox 828 882 952 938; x_wconf 75' lang='lat' dir='ltr'><strong>lrabuisn·</strong></span> <span class='ocrx_word' id='word_1_92' title='bbox 997 896 999 927; x_wconf 62' lang='lat' dir='ltr'><strong>i</strong></span> 
     </span>
     <span class='ocr_line' id='line_1_12' title="bbox 135 955 946 1020; baseline -0.006 -9"><span class='ocrx_word' id='word_1_93' title='bbox 135 957 371 1018; x_wconf 82' lang='lat' dir='ltr'><strong>sent,·mandar·em</strong></span> <span class='ocrx_word' id='word_1_94' title='bbox 385 956 494 1005; x_wconf 82' lang='lat' dir='ltr'><strong>litteris:</strong></span> <span class='ocrx_word' id='word_1_95' title='bbox 514 956 556 1003; x_wconf 82' lang='lat' dir='ltr'><strong>vel</strong></span> <span class='ocrx_word' id='word_1_96' title='bbox 569 967 600 1004; x_wconf 91' lang='lat' dir='ltr'><strong>ut</strong></span> <span class='ocrx_word' id='word_1_97' title='bbox 611 955 657 1003; x_wconf 83' lang='lat' dir='ltr'><strong>illa</strong></span> <span class='ocrx_word' id='word_1_98' title='bbox 669 955 764 1019; x_wconf 89' lang='lat' dir='ltr'><strong>opinio,</strong></span> <span class='ocrx_word' id='word_1_99' title='bbox 791 973 858 1020; x_wconf 87' lang='lat' dir='ltr'><strong>quae</strong></span> <span class='ocrx_word' id='word_1_100' title='bbox 873 973 946 1007; x_wconf 82' lang='lat' dir='ltr'><strong>seru·</strong></span> 
     </span>
     <span class='ocr_line' id='line_1_13' title="bbox 135 1021 1000 1094; baseline -0.002 -18"><span class='ocrx_word' id='word_1_101' title='bbox 135 1045 182 1094; x_wconf 86' lang='lat' dir='ltr'><strong>per</strong></span> <span class='ocrx_word' id='word_1_102' title='bbox 196 1027 296 1086; x_wconf 84' lang='lat' dir='ltr'><strong>suisset,</strong></span> <span class='ocrx_word' id='word_1_103' title='bbox 310 1025 458 1082; x_wconf 85' lang='lat' dir='ltr'><strong>tolleretur,</strong></span> <span class='ocrx_word' id='word_1_104' title='bbox 475 1024 589 1073; x_wconf 88' lang='lat' dir='ltr'><strong>alterum</strong></span> <span class='ocrx_word' id='word_1_105' title='bbox 598 1039 650 1071; x_wconf 91' lang='lat' dir='ltr'><strong>non</strong></span> <span class='ocrx_word' id='word_1_106' title='bbox 663 1021 855 1085; x_wconf 82' lang='lat' dir='ltr'><strong>doctissimum,</strong></span> <span class='ocrx_word' id='word_1_107' title='bbox 875 1025 945 1075; x_wconf 81' lang='lat' dir='ltr'><strong>alte·</strong></span> <span class='ocrx_word' id='word_1_108' title='bbox 999 1058 1000 1061; x_wconf 59' lang='lat'><em>=</em></span> 
     </span>
     <span class='ocr_line' id='line_1_14' title="bbox 136 1091 953 1159; baseline -0.002 -15"><span class='ocrx_word' id='word_1_109' title='bbox 136 1110 197 1144; x_wconf 87' lang='lat' dir='ltr'><strong>rum</strong></span> <span class='ocrx_word' id='word_1_110' title='bbox 210 1095 288 1159; x_wconf 88' lang='lat' dir='ltr'><strong>plane</strong></span> <span class='ocrx_word' id='word_1_111' title='bbox 299 1091 539 1151; x_wconf 80' lang='lat' dir='ltr'><strong>indoctumfuisse3</strong></span> <span class='ocrx_word' id='word_1_112' title='bbox 567 1091 606 1157; x_wconf 66' lang='lat' dir='ltr'><strong>rel</strong></span> <span class='ocrx_word' id='word_1_113' title='bbox 621 1101 650 1140; x_wconf 84' lang='lat' dir='ltr'><strong>ut</strong></span> <span class='ocrx_word' id='word_1_114' title='bbox 664 1108 702 1150; x_wconf 88' lang='lat' dir='ltr'><strong>ea,</strong></span> <span class='ocrx_word' id='word_1_115' title='bbox 721 1106 788 1152; x_wconf 89' lang='lat' dir='ltr'><strong>quae</strong></span> <span class='ocrx_word' id='word_1_116' title='bbox 807 1093 953 1149; x_wconf 75' lang='lat' dir='ltr'><strong>existima·¹</strong></span> 
     </span>
     <span class='ocr_line' id='line_1_15' title="bbox 136 1156 1000 1221; baseline 0.001 -12"><span class='ocrx_word' id='word_1_117' title='bbox 136 1178 195 1209; x_wconf 89' lang='lat' dir='ltr'><strong>rem</strong></span> <span class='ocrx_word' id='word_1_118' title='bbox 207 1177 221 1206; x_wconf 89' lang='lat' dir='ltr'><strong>a</strong></span> <span class='ocrx_word' id='word_1_119' title='bbox 237 1160 348 1209; x_wconf 88' lang='lat' dir='ltr'><strong>summis</strong></span> <span class='ocrx_word' id='word_1_120' title='bbox 366 1157 517 1205; x_wconf 86' lang='lat' dir='ltr'><strong>oratoribus</strong></span> <span class='ocrx_word' id='word_1_121' title='bbox 530 1156 564 1204; x_wconf 88' lang='lat' dir='ltr'><strong>de</strong></span> <span class='ocrx_word' id='word_1_122' title='bbox 580 1158 731 1221; x_wconf 79' lang='lat' dir='ltr'><strong>eloquentia</strong></span> <span class='ocrx_word' id='word_1_123' title='bbox 745 1156 872 1208; x_wconf 80' lang='lat' dir='ltr'><strong>divinitus</strong></span> <span class='ocrx_word' id='word_1_124' title='bbox 884 1178 944 1217; x_wconf 69' lang='lat' dir='ltr'><strong>erse</strong></span> <span class='ocrx_word' id='word_1_125' title='bbox 999 1178 1000 1195; x_wconf 57' lang='grc' dir='ltr'>ι</span> 
     </span>
     <span class='ocr_line' id='line_1_16' title="bbox 136 1224 1000 1292; baseline 0 -14"><span class='ocrx_word' id='word_1_126' title='bbox 136 1228 217 1285; x_wconf 83' lang='lat' dir='ltr'><strong>dicta,</strong></span> <span class='ocrx_word' id='word_1_127' title='bbox 238 1224 399 1277; x_wconf 85' lang='lat' dir='ltr'><strong>custodirem</strong></span> <span class='ocrx_word' id='word_1_128' title='bbox 421 1224 526 1282; x_wconf 85' lang='lat' dir='ltr'><strong>litteris,</strong></span> <span class='ocrx_word' id='word_1_129' title='bbox 545 1226 567 1272; x_wconf 82' lang='lat' dir='ltr'><strong>si</strong></span> <span class='ocrx_word' id='word_1_130' title='bbox 580 1224 635 1271; x_wconf 91' lang='lat' dir='ltr'><strong>ullo</strong></span> <span class='ocrx_word' id='word_1_131' title='bbox 654 1224 733 1273; x_wconf 86' lang='lat' dir='ltr'><strong>modo</strong></span> <span class='ocrx_word' id='word_1_132' title='bbox 749 1227 856 1292; x_wconf 78' lang='lat' dir='ltr'>assequi</span> <span class='ocrx_word' id='word_1_133' title='bbox 867 1245 945 1277; x_wconf 83' lang='lat' dir='ltr'><strong>eom·</strong></span> <span class='ocrx_word' id='word_1_134' title='bbox 999 1274 1000 1277; x_wconf 74' lang='grc'>,</span> 
     </span>
     <span class='ocr_line' id='line_1_17' title="bbox 104 1290 944 1367; baseline 0 -23"><span class='ocrx_word' id='word_1_135' title='bbox 104 1340 110 1353; x_wconf 92' lang='grc'>,</span> <span class='ocrx_word' id='word_1_136' title='bbox 135 1296 269 1362; x_wconf 85' lang='lat' dir='ltr'><strong>plectique</strong></span> <span class='ocrx_word' id='word_1_137' title='bbox 287 1293 451 1360; x_wconf 67' lang='lat' dir='ltr'><strong>potuissem,</strong></span> <span class='ocrx_word' id='word_1_138' title='bbox 469 1292 513 1341; x_wconf 85' lang='lat' dir='ltr'><strong>vel</strong></span> <span class='ocrx_word' id='word_1_139' title='bbox 525 1290 678 1341; x_wconf 86' lang='lat' dir='ltr'><strong>mehercule</strong></span> <span class='ocrx_word' id='word_1_140' title='bbox 685 1295 774 1355; x_wconf 86' lang='lat' dir='ltr'><strong>etiam,</strong></span> <span class='ocrx_word' id='word_1_141' title='bbox 792 1294 944 1367; x_wconf 72' lang='lat' dir='ltr'><strong>utlaudem</strong></span> 
     </span>
     <span class='ocr_line' id='line_1_18' title="bbox 136 1362 943 1428; baseline 0.001 -15"><span class='ocrx_word' id='word_1_142' title='bbox 136 1378 237 1421; x_wconf 87' lang='lat' dir='ltr'><strong>eorum,</strong></span> <span class='ocrx_word' id='word_1_143' title='bbox 255 1362 310 1409; x_wconf 83' lang='lat' dir='ltr'><strong>iam</strong></span> <span class='ocrx_word' id='word_1_144' title='bbox 323 1376 403 1424; x_wconf 85' lang='lat' dir='ltr'>prope</span> <span class='ocrx_word' id='word_1_145' title='bbox 417 1370 604 1419; x_wconf 80' lang='lat' dir='ltr'><strong>senescentem,</strong></span> <span class='ocrx_word' id='word_1_146' title='bbox 624 1372 754 1421; x_wconf 87' lang='lat' dir='ltr'><strong>quantum</strong></span> <span class='ocrx_word' id='word_1_147' title='bbox 762 1378 811 1426; x_wconf 81' lang='lat' dir='ltr'><strong>ego</strong></span> <span class='ocrx_word' id='word_1_148' title='bbox 824 1380 943 1428; x_wconf 87' lang='lat' dir='ltr'><strong>possem,</strong></span> 
     </span>
     <span class='ocr_line' id='line_1_19' title="bbox 136 1427 944 1492; baseline 0 -11"><span class='ocrx_word' id='word_1_149' title='bbox 136 1431 169 1482; x_wconf 81' lang='lat' dir='ltr'><strong>ab</strong></span> <span class='ocrx_word' id='word_1_150' title='bbox 179 1429 311 1479; x_wconf 82' lang='lat' dir='ltr'><strong>oblivione</strong></span> <span class='ocrx_word' id='word_1_151' title='bbox 321 1427 460 1477; x_wconf 83' lang='lat' dir='ltr'><strong>hominum</strong></span> <span class='ocrx_word' id='word_1_152' title='bbox 468 1427 678 1492; x_wconf 81' lang='lat' dir='ltr'><strong>atqueasilentio</strong></span> <span class='ocrx_word' id='word_1_153' title='bbox 691 1427 863 1479; x_wconf 82' lang='lat' dir='ltr'><strong>vindicarem.</strong></span> <span class='ocrx_word' id='word_1_154' title='bbox 871 1430 944 1482; x_wconf 77' lang='lat' dir='ltr'><strong>Nam</strong></span> 
     </span>
     <span class='ocr_line' id='line_1_20' title="bbox 125 1496 1001 1563; baseline -0.003 -13"><span class='ocrx_word' id='word_1_155' title='bbox 125 1501 158 1549; x_wconf 79' lang='lat' dir='ltr'><strong>si</strong></span> <span class='ocrx_word' id='word_1_156' title='bbox 174 1499 320 1563; x_wconf 83' lang='lat' dir='ltr'><strong>exscriptis</strong></span> <span class='ocrx_word' id='word_1_157' title='bbox 334 1496 457 1561; x_wconf 80' lang='lat' dir='ltr'><strong>cognosci</strong></span> <span class='ocrx_word' id='word_1_158' title='bbox 477 1497 528 1562; x_wconf 84' lang='lat' dir='ltr'><strong>ipsi</strong></span> <span class='ocrx_word' id='word_1_159' title='bbox 541 1497 595 1546; x_wconf 83' lang='lat' dir='ltr'><strong>suis</strong></span> <span class='ocrx_word' id='word_1_160' title='bbox 609 1497 763 1563; x_wconf 84' lang='lat' dir='ltr'><strong>potuissent,</strong></span> <span class='ocrx_word' id='word_1_161' title='bbox 781 1499 873 1560; x_wconf 74' lang='lat' dir='ltr'><strong>minus</strong></span> <span class='ocrx_word' id='word_1_162' title='bbox 889 1500 943 1552; x_wconf 85' lang='lat' dir='ltr'><strong>hoc</strong></span> <span class='ocrx_word' id='word_1_163' title='bbox 1000 1551 1001 1554; x_wconf 48' lang='lat'><strong>,</strong></span> 
     </span>
     <span class='ocr_line' id='line_1_21' title="bbox 135 1562 1001 1630; baseline -0.001 -13"><span class='ocrx_word' id='word_1_164' title='bbox 135 1569 246 1617; x_wconf 84' lang='lat' dir='ltr'><strong>sortasse</strong></span> <span class='ocrx_word' id='word_1_165' title='bbox 262 1567 329 1615; x_wconf 88' lang='lat' dir='ltr'><strong>mihi</strong></span> <span class='ocrx_word' id='word_1_166' title='bbox 340 1582 394 1614; x_wconf 85' lang='lat' dir='ltr'><strong>esse</strong></span> <span class='ocrx_word' id='word_1_167' title='bbox 410 1576 543 1630; x_wconf 83' lang='lat' dir='ltr'><strong>putassem</strong></span> <span class='ocrx_word' id='word_1_168' title='bbox 559 1562 747 1616; x_wconf 79' lang='lat' dir='ltr'><strong>laborandum:</strong></span> <span class='ocrx_word' id='word_1_169' title='bbox 765 1563 812 1614; x_wconf 87' lang='lat' dir='ltr'><strong>sed</strong></span> <span class='ocrx_word' id='word_1_170' title='bbox 827 1582 891 1617; x_wconf 87' lang='lat' dir='ltr'><strong>cum</strong></span> <span class='ocrx_word' id='word_1_171' title='bbox 903 1569 943 1619; x_wconf 83' lang='lat' dir='ltr'><strong>al·</strong></span> <span class='ocrx_word' id='word_1_172' title='bbox 1000 1611 1001 1620; x_wconf 70' lang='grc'>,</span> 
     </span>
     <span class='ocr_line' id='line_1_22' title="bbox 135 1630 1001 1700; baseline 0.002 -15"><span class='ocrx_word' id='word_1_173' title='bbox 135 1648 175 1685; x_wconf 80' lang='lat' dir='ltr'><strong>ter</strong></span> <span class='ocrx_word' id='word_1_174' title='bbox 190 1653 244 1684; x_wconf 93' lang='lat' dir='ltr'><strong>non</strong></span> <span class='ocrx_word' id='word_1_175' title='bbox 259 1634 385 1694; x_wconf 88' lang='lat' dir='ltr'><strong>multum,</strong></span> <span class='ocrx_word' id='word_1_176' title='bbox 404 1630 485 1696; x_wconf 81' lang='lat' dir='ltr'><strong>(quod</strong></span> <span class='ocrx_word' id='word_1_177' title='bbox 498 1630 606 1692; x_wconf 83' lang='lat' dir='ltr'><strong>quidem</strong></span> <span class='ocrx_word' id='word_1_178' title='bbox 622 1630 753 1698; x_wconf 58' lang='lat' dir='ltr'><strong>exstaret)</strong></span> <span class='ocrx_word' id='word_1_179' title='bbox 765 1645 791 1682; x_wconf 83' lang='lat' dir='ltr'><strong>et</strong></span> <span class='ocrx_word' id='word_1_180' title='bbox 804 1633 834 1682; x_wconf 94' lang='lat' dir='ltr'><strong>id</strong></span> <span class='ocrx_word' id='word_1_181' title='bbox 850 1635 943 1700; x_wconf 87' lang='lat' dir='ltr'><strong>ipsum</strong></span> <span class='ocrx_word' id='word_1_182' title='bbox 1000 1633 1001 1638; x_wconf 34' lang='lat'>¹</span> 
     </span>
     <span class='ocr_line' id='line_1_23' title="bbox 54 1697 1001 1766; baseline 0.004 -20"><span class='ocrx_word' id='word_1_183' title='bbox 54 1730 62 1746; x_wconf 83' lang='grc'><strong>.</strong></span> <span class='ocrx_word' id='word_1_184' title='bbox 135 1698 296 1761; x_wconf 70' lang='lat' dir='ltr'><strong>adolescens,</strong></span> <span class='ocrx_word' id='word_1_185' title='bbox 313 1697 385 1748; x_wconf 72' lang='lat' dir='ltr'><strong>&#39;alter</strong></span> <span class='ocrx_word' id='word_1_186' title='bbox 407 1697 475 1746; x_wconf 87' lang='lat' dir='ltr'><strong>nihil</strong></span> <span class='ocrx_word' id='word_1_187' title='bbox 496 1697 643 1754; x_wconf 79' lang='lat' dir='ltr'><strong>admodum</strong></span> <span class='ocrx_word' id='word_1_188' title='bbox 660 1702 752 1766; x_wconf 84' lang='lat' dir='ltr'><strong>scripti</strong></span> <span class='ocrx_word' id='word_1_189' title='bbox 771 1702 941 1765; x_wconf 83' lang='lat' dir='ltr'><strong>reliquisset:</strong></span> <span class='ocrx_word' id='word_1_190' title='bbox 1000 1719 1001 1750; x_wconf 73' lang='grc' dir='ltr'>ι</span> 
     </span>
     <span class='ocr_line' id='line_1_24' title="bbox 136 1764 1001 1834; baseline 0.003 -16"><span class='ocrx_word' id='word_1_191' title='bbox 136 1769 228 1819; x_wconf 88' lang='lat' dir='ltr'><strong>deberi</strong></span> <span class='ocrx_word' id='word_1_192' title='bbox 246 1768 322 1824; x_wconf 83' lang='lat' dir='ltr'><strong>hoca</strong></span> <span class='ocrx_word' id='word_1_193' title='bbox 340 1782 383 1814; x_wconf 87' lang='lat' dir='ltr'><strong>me</strong></span> <span class='ocrx_word' id='word_1_194' title='bbox 397 1765 477 1812; x_wconf 81' lang='lat' dir='ltr'><strong>tantis</strong></span> <span class='ocrx_word' id='word_1_195' title='bbox 496 1764 634 1816; x_wconf 85' lang='lat' dir='ltr'><strong>hominum</strong></span> <span class='ocrx_word' id='word_1_196' title='bbox 649 1767 760 1832; x_wconf 74' lang='lat' dir='ltr'><strong>ingeniis</strong></span> <span class='ocrx_word' id='word_1_197' title='bbox 779 1771 880 1834; x_wconf 79' lang='lat' dir='ltr'><strong>putari,</strong></span> <span class='ocrx_word' id='word_1_198' title='bbox 901 1784 941 1834; x_wconf 89' lang='lat' dir='ltr'><strong>ut,</strong></span> <span class='ocrx_word' id='word_1_199' title='bbox 999 1769 1001 1776; x_wconf 56' lang='lat'><strong>⁴</strong></span> 
     </span>
     <span class='ocr_line' id='line_1_25' title="bbox 135 1832 941 1901; baseline 0.004 -15"><span class='ocrx_word' id='word_1_200' title='bbox 135 1851 197 1886; x_wconf 84' lang='lat' dir='ltr'><strong>cum</strong></span> <span class='ocrx_word' id='word_1_201' title='bbox 212 1835 292 1884; x_wconf 86' lang='lat' dir='ltr'><strong>etiam</strong></span> <span class='ocrx_word' id='word_1_202' title='bbox 303 1849 373 1881; x_wconf 89' lang='lat' dir='ltr'><strong>nunc</strong></span> <span class='ocrx_word' id='word_1_203' title='bbox 391 1832 478 1880; x_wconf 83' lang='lat' dir='ltr'><strong>rivam</strong></span> <span class='ocrx_word' id='word_1_204' title='bbox 489 1832 598 1883; x_wconf 85' lang='lat' dir='ltr'><strong>illorum</strong></span> <span class='ocrx_word' id='word_1_205' title='bbox 607 1837 765 1885; x_wconf 82' lang='lat' dir='ltr'><strong>memoriam</strong></span> <span class='ocrx_word' id='word_1_206' title='bbox 777 1848 941 1901; x_wconf 80' lang='lat' dir='ltr'><strong>teneremus,</strong></span> 
     </span>
     <span class='ocr_line' id='line_1_26' title="bbox 135 1898 940 1968; baseline 0.006 -16"><span class='ocrx_word' id='word_1_207' title='bbox 135 1904 201 1952; x_wconf 88' lang='lat' dir='ltr'><strong>hanc</strong></span> <span class='ocrx_word' id='word_1_208' title='bbox 222 1901 402 1950; x_wconf 85' lang='lat' dir='ltr'><strong>immortalem</strong></span> <span class='ocrx_word' id='word_1_209' title='bbox 424 1898 571 1962; x_wconf 82' lang='lat' dir='ltr'><strong>redderem,</strong></span> <span class='ocrx_word' id='word_1_210' title='bbox 599 1902 620 1950; x_wconf 86' lang='lat' dir='ltr'><strong>si</strong></span> <span class='ocrx_word' id='word_1_211' title='bbox 638 1919 751 1968; x_wconf 86' lang='lat' dir='ltr'><strong>possem.</strong></span> <span class='ocrx_word' id='word_1_212' title='bbox 792 1903 876 1967; x_wconf 86' lang='lat' dir='ltr'><strong>Quod</strong></span> <span class='ocrx_word' id='word_1_213' title='bbox 887 1907 940 1957; x_wconf 82' lang='lat' dir='ltr'><strong>hoo</strong></span> 
     </span>
     <span class='ocr_line' id='line_1_27' title="bbox 135 1965 940 2037; baseline 0.006 -18"><span class='ocrx_word' id='word_1_214' title='bbox 135 1972 216 2020; x_wconf 86' lang='lat' dir='ltr'><strong>etiam</strong></span> <span class='ocrx_word' id='word_1_215' title='bbox 233 1986 277 2036; x_wconf 87' lang='lat' dir='ltr'><strong>spe</strong></span> <span class='ocrx_word' id='word_1_216' title='bbox 299 1967 437 2033; x_wconf 78' lang='lat' dir='ltr'><strong>aggredior</strong></span> <span class='ocrx_word' id='word_1_217' title='bbox 454 1967 554 2017; x_wconf 81' lang='lat' dir='ltr'><strong>maiore</strong></span> <span class='ocrx_word' id='word_1_218' title='bbox 573 1965 606 2017; x_wconf 92' lang='lat' dir='ltr'><strong>ad</strong></span> <span class='ocrx_word' id='word_1_219' title='bbox 617 1969 790 2035; x_wconf 81' lang='lat' dir='ltr'><strong>probandum,</strong></span> <span class='ocrx_word' id='word_1_220' title='bbox 808 1974 940 2037; x_wconf 85' lang='lat' dir='ltr'><strong>quianon</strong></span> 
     </span>
     <span class='ocr_line' id='line_1_28' title="bbox 135 2033 940 2101; baseline 0 -13"><span class='ocrx_word' id='word_1_221' title='bbox 135 2038 168 2087; x_wconf 89' lang='lat' dir='ltr'><strong>de</strong></span> <span class='ocrx_word' id='word_1_222' title='bbox 181 2038 238 2088; x_wconf 89' lang='lat' dir='ltr'><strong>Ser.</strong></span> <span class='ocrx_word' id='word_1_223' title='bbox 254 2035 365 2098; x_wconf 83' lang='lat' dir='ltr'><strong>Galbae,</strong></span> <span class='ocrx_word' id='word_1_224' title='bbox 383 2046 428 2084; x_wconf 89' lang='lat' dir='ltr'><strong>aut</strong></span> <span class='ocrx_word' id='word_1_225' title='bbox 441 2033 474 2084; x_wconf 86' lang='lat' dir='ltr'><strong>C.</strong></span> <span class='ocrx_word' id='word_1_226' title='bbox 493 2035 777 2101; x_wconf 80' lang='lat' dir='ltr'><strong>Carbonisclcquentia</strong></span> <span class='ocrx_word' id='word_1_227' title='bbox 793 2036 940 2092; x_wconf 72' lang='lat' dir='ltr'><strong>scriboali·</strong></span> 
     </span>
     <span class='ocr_line' id='line_1_29' title="bbox 99 2103 950 2171; baseline 0.005 -15"><span class='ocrx_word' id='word_1_228' title='bbox 99 2149 104 2156; x_wconf 77' lang='grc'><strong>.</strong></span> <span class='ocrx_word' id='word_1_229' title='bbox 134 2105 207 2170; x_wconf 84' lang='lat' dir='ltr'><strong>quid,</strong></span> <span class='ocrx_word' id='word_1_230' title='bbox 230 2107 323 2168; x_wconf 85' lang='lat' dir='ltr'><strong>inquo</strong></span> <span class='ocrx_word' id='word_1_231' title='bbox 342 2106 420 2153; x_wconf 85' lang='lat' dir='ltr'><strong>liceat</strong></span> <span class='ocrx_word' id='word_1_232' title='bbox 445 2103 511 2153; x_wconf 81' lang='lat' dir='ltr'><strong>milri</strong></span> <span class='ocrx_word' id='word_1_233' title='bbox 529 2106 634 2169; x_wconf 82' lang='lat' dir='ltr'><strong>lingere,</strong></span> <span class='ocrx_word' id='word_1_234' title='bbox 653 2107 676 2153; x_wconf 84' lang='lat' dir='ltr'><strong>si</strong></span> <span class='ocrx_word' id='word_1_235' title='bbox 693 2105 759 2168; x_wconf 90' lang='lat' dir='ltr'><strong>quid</strong></span> <span class='ocrx_word' id='word_1_236' title='bbox 771 2107 861 2171; x_wconf 80' lang='lat' dir='ltr'><strong>velim,</strong></span> <span class='ocrx_word' id='word_1_237' title='bbox 879 2112 950 2160; x_wconf 74' lang='lat' dir='ltr'><strong>nul:</strong></span> 
     </span>
     <span class='ocr_line' id='line_1_30' title="bbox 124 2170 938 2239; baseline 0.01 -19"><span class='ocrx_word' id='word_1_238' title='bbox 124 2174 185 2222; x_wconf 68' lang='lat' dir='ltr'><strong>»lius</strong></span> <span class='ocrx_word' id='word_1_239' title='bbox 198 2174 326 2221; x_wconf 87' lang='lat' dir='ltr'><strong>memoria</strong></span> <span class='ocrx_word' id='word_1_240' title='bbox 337 2173 390 2221; x_wconf 89' lang='lat' dir='ltr'><strong>iam</strong></span> <span class='ocrx_word' id='word_1_241' title='bbox 404 2171 553 2221; x_wconf 78' lang='lat' dir='ltr'><strong>refellente:</strong></span> <span class='ocrx_word' id='word_1_242' title='bbox 572 2170 619 2221; x_wconf 90' lang='lat' dir='ltr'><strong>sed</strong></span> <span class='ocrx_word' id='word_1_243' title='bbox 625 2188 655 2222; x_wconf 88' lang='lat' dir='ltr'><strong>eo</strong></span> <span class='ocrx_word' id='word_1_244' title='bbox 668 2171 731 2222; x_wconf 88' lang='lat' dir='ltr'><strong>haec</strong></span> <span class='ocrx_word' id='word_1_245' title='bbox 739 2170 938 2239; x_wconf 76' lang='lat' dir='ltr'><strong>iiscognoscen=</strong></span> 
     </span>
    </p>

    <p class='ocr_par' dir='ltr' id='par_1_5' title="bbox 55 2236 983 2720">
     <span class='ocr_line' id='line_1_31' title="bbox 69 2236 941 2310; baseline 0.007 -22"><span class='ocrx_word' id='word_1_246' title='bbox 69 2285 72 2292; x_wconf 37' lang='lat' dir='ltr'><em>s</em></span> <span class='ocrx_word' id='word_1_247' title='bbox 135 2238 177 2301; x_wconf 90' lang='lat' dir='ltr'><strong>da,</strong></span> <span class='ocrx_word' id='word_1_248' title='bbox 198 2241 241 2302; x_wconf 89' lang='lat' dir='ltr'><strong>qui</strong></span> <span class='ocrx_word' id='word_1_249' title='bbox 255 2257 298 2288; x_wconf 90' lang='lat' dir='ltr'><strong>eos</strong></span> <span class='ocrx_word' id='word_1_250' title='bbox 313 2241 392 2305; x_wconf 90' lang='lat' dir='ltr'><strong>ipsos,</strong></span> <span class='ocrx_word' id='word_1_251' title='bbox 419 2236 451 2287; x_wconf 90' lang='lat' dir='ltr'><strong>de</strong></span> <span class='ocrx_word' id='word_1_252' title='bbox 463 2240 560 2304; x_wconf 72' lang='lat' dir='ltr'><strong>quibus</strong></span> <span class='ocrx_word' id='word_1_253' title='bbox 572 2239 675 2303; x_wconf 85' lang='lat' dir='ltr'><strong>loquor,</strong></span> <span class='ocrx_word' id='word_1_254' title='bbox 691 2256 768 2308; x_wconf 80' lang='lat' dir='ltr'><strong>saepe</strong></span> <span class='ocrx_word' id='word_1_255' title='bbox 782 2241 941 2310; x_wconf 65' lang='lat' dir='ltr'><strong>audieruntp</strong></span> 
     </span>
     <span class='ocr_line' id='line_1_32' title="bbox 105 2304 983 2369; baseline 0.008 -12"><span class='ocrx_word' id='word_1_256' title='bbox 105 2347 110 2360; x_wconf 41' lang='grc' dir='ltr'>ι</span> <span class='ocrx_word' id='word_1_257' title='bbox 134 2319 165 2358; x_wconf 86' lang='lat' dir='ltr'><strong>ut</strong></span> <span class='ocrx_word' id='word_1_258' title='bbox 176 2305 242 2356; x_wconf 84' lang='lat' dir='ltr'><strong>duos</strong></span> <span class='ocrx_word' id='word_1_259' title='bbox 255 2323 371 2355; x_wconf 86' lang='lat' dir='ltr'><strong>summos</strong></span> <span class='ocrx_word' id='word_1_260' title='bbox 384 2307 462 2367; x_wconf 80' lang='lat' dir='ltr'><strong>viros,</strong></span> <span class='ocrx_word' id='word_1_261' title='bbox 479 2308 520 2364; x_wconf 88' lang='lat' dir='ltr'><strong>iis,</strong></span> <span class='ocrx_word' id='word_1_262' title='bbox 538 2308 584 2369; x_wconf 82' lang='lat' dir='ltr'><strong>qui</strong></span> <span class='ocrx_word' id='word_1_263' title='bbox 600 2322 723 2357; x_wconf 86' lang='lat' dir='ltr'><strong>neutrum</strong></span> <span class='ocrx_word' id='word_1_264' title='bbox 741 2309 851 2362; x_wconf 86' lang='lat' dir='ltr'><strong>illorum</strong></span> <span class='ocrx_word' id='word_1_265' title='bbox 863 2311 938 2364; x_wconf 81' lang='lat' dir='ltr'><strong>ride·</strong></span> <span class='ocrx_word' id='word_1_266' title='bbox 979 2304 983 2312; x_wconf 44' lang='lat'>⁴</span> 
     </span>
     <span class='ocr_line' id='line_1_33' title="bbox 133 2371 938 2444; baseline 0.007 -20"><span class='ocrx_word' id='word_1_267' title='bbox 133 2377 204 2435; x_wconf 82' lang='lat' dir='ltr'><strong>rint,</strong></span> <span class='ocrx_word' id='word_1_268' title='bbox 223 2371 442 2435; x_wconf 78' lang='lat' dir='ltr'><strong>eorum,&#39;.quibus</strong></span> <span class='ocrx_word' id='word_1_269' title='bbox 462 2373 541 2421; x_wconf 87' lang='lat' dir='ltr'><strong>ambo</strong></span> <span class='ocrx_word' id='word_1_270' title='bbox 561 2375 602 2423; x_wconf 89' lang='lat' dir='ltr'><strong>illi</strong></span> <span class='ocrx_word' id='word_1_271' title='bbox 619 2373 742 2425; x_wconf 69' lang='lat' dir='ltr'><strong>oratores</strong></span> <span class='ocrx_word' id='word_1_272' title='bbox 754 2379 855 2444; x_wconf 78' lang='lat' dir='ltr'><strong>cogniti</strong></span> <span class='ocrx_word' id='word_1_273' title='bbox 874 2381 938 2444; x_wconf 84' lang='lat' dir='ltr'><strong>siut,</strong></span> 
     </span>
     <span class='ocr_line' id='line_1_34' title="bbox 133 2441 937 2508; baseline 0.01 -17"><span class='ocrx_word' id='word_1_274' title='bbox 133 2443 254 2492; x_wconf 81' lang='lat' dir='ltr'><strong>virorum</strong></span> <span class='ocrx_word' id='word_1_275' title='bbox 276 2452 302 2490; x_wconf 91' lang='lat' dir='ltr'><strong>et</strong></span> <span class='ocrx_word' id='word_1_276' title='bbox 325 2441 517 2506; x_wconf 70' lang='lat' dir='ltr'><strong>praesentium,</strong></span> <span class='ocrx_word' id='word_1_277' title='bbox 543 2444 683 2493; x_wconf 85' lang='lat' dir='ltr'><strong>memoria‘</strong></span> <span class='ocrx_word' id='word_1_278' title='bbox 696 2455 776 2508; x_wconf 81' lang='lat' dir='ltr'><strong>teste,</strong></span> <span class='ocrx_word' id='word_1_279' title='bbox 801 2461 937 2499; x_wconf 81' lang='lat' dir='ltr'><strong>commen·</strong></span> 
     </span>
     <span class='ocr_line' id='line_1_35' title="bbox 135 2507 928 2567; baseline 0.001 -7"><span class='ocrx_word' id='word_1_280' title='bbox 135 2507 237 2560; x_wconf 81' lang='lat' dir='ltr'><strong>demus.</strong></span> <span class='ocrx_word' id='word_1_281' title='bbox 320 2561 326 2567; x_wconf 72' lang='grc'><strong>,</strong></span> <span class='ocrx_word' id='word_1_282' title='bbox 440 2511 442 2514; x_wconf 72' lang='grc'>’</span> <span class='ocrx_word' id='word_1_283' title='bbox 924 2543 928 2548; x_wconf 87' lang='grc'>-</span> 
     </span>
     <span class='ocr_line' id='line_1_36' title="bbox 55 2576 959 2650; baseline 0.008 -24"><span class='ocrx_word' id='word_1_284' title='bbox 55 2603 57 2607; x_wconf 57' lang='lat'>&gt;</span> <span class='ocrx_word' id='word_1_285' title='bbox 202 2577 252 2627; x_wconf 87' lang='lat'><em>111.</em></span> <span class='ocrx_word' id='word_1_286' title='bbox 287 2576 417 2627; x_wconf 76' lang='lat' dir='ltr'><strong>Necrero</strong></span> <span class='ocrx_word' id='word_1_287' title='bbox 432 2587 467 2639; x_wconf 84' lang='lat' dir='ltr'><strong>te,</strong></span> <span class='ocrx_word' id='word_1_288' title='bbox 486 2577 618 2628; x_wconf 85' lang='lat' dir='ltr'><strong>carissime</strong></span> <span class='ocrx_word' id='word_1_289' title='bbox 635 2578 717 2629; x_wconf 80' lang='lat' dir='ltr'><strong>frater</strong></span> <span class='ocrx_word' id='word_1_290' title='bbox 732 2592 810 2645; x_wconf 87' lang='lat' dir='ltr'><strong>atque</strong></span> <span class='ocrx_word' id='word_1_291' title='bbox 823 2577 959 2650; x_wconf 39' lang='lat' dir='ltr'><strong>optim&amp;</strong></span> 
     </span>
     <span class='ocr_line' id='line_1_37' title="bbox 133 2641 948 2720; baseline 0.01 -24"><span class='ocrx_word' id='word_1_292' title='bbox 133 2643 272 2700; x_wconf 84' lang='lat' dir='ltr'><strong>rhetoricis</strong></span> <span class='ocrx_word' id='word_1_293' title='bbox 285 2661 357 2696; x_wconf 89' lang='lat' dir='ltr'><strong>nunc</strong></span> <span class='ocrx_word' id='word_1_294' title='bbox 370 2643 532 2711; x_wconf 77' lang='lat' dir='ltr'><strong>quibusdam</strong></span> <span class='ocrx_word' id='word_1_295' title='bbox 545 2643 630 2710; x_wconf 81' lang='lat' dir='ltr'><strong>libris,</strong></span> <span class='ocrx_word' id='word_1_296' title='bbox 648 2663 712 2714; x_wconf 83' lang='lat' dir='ltr'><strong>quos</strong></span> <span class='ocrx_word' id='word_1_297' title='bbox 725 2641 948 2720; x_wconf 57' lang='lat' dir='ltr'><strong>tungrestes&#39;pw&#39;</strong></span> 
     </span>
    </p>
   </div>
   <div class='ocr_carea' id='block_1_5' title="bbox 0 0 1014 2975">
    <p class='ocr_par' dir='ltr' id='par_1_6' title="bbox 0 0 1014 2975">
     <span class='ocr_line' id='line_1_38' title="bbox 0 0 1014 2975; baseline 0 0"><span class='ocrx_word' id='word_1_298' title='bbox 0 0 1014 2975; x_wconf 95' lang='lat' dir='ltr'><strong> </strong></span> 
     </span>
    </p>
   </div>
  </div>
 </body>
</html>
