2017 2975
405 29 408 32 ‚
469 31 476 60 ,
538 27 562 58 ,

318 121 453 218 sisar
490 164 696 244 aaruvs„
775 135 779 139 ’
837 188 869 243 1,

63 295 138 365 plaia,
147 293 364 346 communicarit:
382 291 670 359 hoeprosestoesfieiet,
682 283 869 362 utquamcuis.
889 336 891 339 ,

66 383 118 432 que
130 381 191 413 rem
218 382 233 411 a
246 379 349 427 quoque
367 363 496 426 cognorit,
515 360 548 411 de
561 380 590 428 ea
603 363 689 411 multo
704 363 776 413 dicat
791 382 871 416 ornat

8 437 10 448 ¹
63 435 128 494 tius,
145 446 229 496 quam
241 431 287 479 ille
304 431 366 494 ipse,
383 428 453 478 unde
461 430 590 493 cognorit.
626 429 679 479 Sed
694 431 765 494 sime
778 433 867 484 audie·

63 502 110 561 sit,
127 499 257 565 quoniam
270 496 474 563 philosophiam
495 508 548 546 tres
560 508 648 562 partes
660 510 699 547 est
710 499 819 563 tributa,
838 504 865 552 in

61 580 175 618 naturae
187 565 385 624 obscuritatem,
402 563 580 618 indissereudi
593 563 776 629 subtilitatem,
794 570 866 619 iuvi·

61 645 121 685 tam
131 645 328 699 atquemores:
346 630 400 681 duo
410 632 459 680 illa
473 632 662 698 relinquamus,
680 646 758 699 atque
772 638 866 702 largia-

61 719 125 752 mur
131 702 247 751 inertiae
261 712 379 751 nostrae:
397 701 508 749 tertium
522 717 592 760 aero,
610 700 682 766 quod
695 719 797 770 semper
808 722 865 753 ora·

61 772 131 819 toris
143 769 205 831 fnit,
223 769 273 817 nisi
291 767 446 828 tenebimus,
469 766 537 815 nihil
557 769 664 829 oratori,
685 770 714 817 in
737 775 789 835 quo
808 789 864 822 ma·

60 854 130 903 gnus
142 853 198 886 esse
211 837 302 902 possit,
319 835 509 898 relinquemus.
545 835 631 898 Quare
638 836 681 885 hie
694 837 768 888 loeus
786 838 864 891 dcvi·

60 917 86 954 ta
99 917 128 957 et
144 904 264 953 moribus
279 914 351 952 totus
363 913 408 970 >est
434 903 532 949 oratori
551 901 754 968 perdiscendus:
780 920 865 956 cetera

8 1003 10 1010 ·
59 975 156 1022 sinon
180 970 313 1031 didicerit,
334 980 423 1018 tamen
439 970 547 1033 poterit,
571 969 713 1036 siquando
727 989 792 1038 opus
804 975 864 1037 erit,

41 1058 156 1091 ·ornare
175 1037 311 1101 diceudo,
333 1037 356 1088 si
378 1034 460 1088 modo
483 1048 561 1087 erunt
580 1036 615 1088 ad
637 1051 698 1088 eum
721 1037 808 1091 delata
836 1054 863 1093 et

8 1131 14 1138 ⁸
60 1108 167 1158 mdiu·
432 1143 438 1154 s
602 1126 605 1130 ¹
719 1131 722 1136 “

128 1174 203 1228 XVI·
237 1174 344 1224 Etenim
360 1174 383 1226 sl
399 1185 500 1224 constat
511 1176 582 1224 iuter
595 1173 700 1236 doctos,
725 1174 862 1228 bominem

60 1245 182 1309 ignarum
200 1244 366 1308 astrologiae,
383 1240 505 1304 Aratum,
517 1244 689 1294 ornatissimis
701 1255 780 1310 atque
794 1247 861 1311 opti.

59 1314 112 1362 ruis
122 1311 242 1361 versibus
250 1310 287 1359 de
296 1313 370 1360 coelo
379 1312 513 1376 stellisque
521 1310 632 1361 dixisse:
651 1311 674 1360 si
687 1310 720 1359 de
731 1312 810 1361 rebus
817 1330 860 1362 ru»
925 1373 928 1376 .

60 1377 132 1429 sticis
153 1379 292 1428 hominem
313 1378 349 1427 ab
370 1394 432 1443 agro
455 1380 672 1439 remotissimum,
695 1378 861 1431 Nicandrum
929 1400 938 1408 ·

60 1445 267 1514 Colophonium,
285 1447 391 1513 poetica
404 1445 518 1511 quadam
532 1445 665 1511 facultate,
684 1462 737 1495 nou
753 1450 860 1511 rustica,
891 1488 895 1493 .

60 1517 192 1582 scripsisse
202 1516 350 1581 praeclare:
368 1513 433 1579 quid
449 1509 498 1573 est,
518 1520 565 1561 cur
577 1530 631 1560 non
645 1526 733 1562 orator
741 1514 773 1564 de
780 1515 859 1567 rebus

58 1584 90 1633 iis
102 1580 315 1649 eloquentissime
329 1581 408 1641 dicat,
426 1597 489 1646 quas
509 1578 543 1627 ad
562 1590 663 1628 certam
674 1596 777 1633 causam
792 1595 859 1632 tem.

60 1668 156 1717 qusque
177 1647 317 1714 cognorit?
352 1649 401 1703 Est
419 1648 491 1701 enim
508 1646 635 1698 finitimus
657 1650 753 1696 oratori
771 1655 856 1716 poeta,

59 1720 173 1769 umeris
196 1716 349 1766 adstrictior
367 1717 457 1782 paulo,
480 1713 623 1765 verborum
645 1727 735 1765 sutem
751 1717 859 1771 licentia

58 1785 176 1847 liberior,
193 1786 287 1835 multis
299 1799 362 1835 aero
372 1782 483 1834 ornandi
499 1781 640 1849 generibus
651 1784 740 1835 socius
753 1804 784 1836 ac
797 1805 867 1853 pae-⁸

59 1868 90 1902 ue
103 1870 168 1920 part
195 1854 224 1903 iu
246 1851 295 1901 hoc
312 1851 421 1917 quidem
444 1864 515 1901 certe
530 1867 611 1917 prope
629 1849 710 1913 idem,
734 1855 814 1904 sullis
827 1866 858 1905 ut

9 1934 12 1979 ¹,
60 1922 179 1971 terminis
191 1919 393 1972 circumscribat
408 1931 452 1969 aut
468 1919 574 1969 definiat
586 1919 625 1968 ius
643 1934 729 1980 suum,
748 1939 800 1986 quo
806 1923 856 1972 mi·

58 2006 104 2038 uus
119 1990 145 2039 ei
156 1989 239 2039 liceat
250 1986 343 2037 eadem
356 1989 403 2036 illa
417 1987 542 2039 facultate
557 1999 583 2036 et
595 1988 671 2052 copia
689 1992 856 2056 vagari,'qua

58 2057 128 2106 velit.
159 2056 283 2122 Namque
296 2053 365 2104 illud
380 2072 466 2121 quare,
489 2055 622 2114 Scaevola,
640 2057 738 2119 negasti
755 2068 780 2105 te
792 2057 855 2107 suis·

56 2141 81 2173 se
95 2125 226 2185 laturum,
243 2124 294 2173 nisi
309 2124 337 2172 in
348 2138 408 2172 meo
424 2138 505 2189 reguo
520 2140 596 2180 esses,
615 2121 720 2187 quodin
731 2125 855 2190 omnige-

58 2207 115 2241 nere
130 2193 272 2259 sermonis,
290 2192 404 2240 inomni
432 2201 490 2259 arte
498 2189 668 2238 humanitatis
676 2189 790 2240 dixerim
797 2210 855 2243 ora·

58 2269 140 2310 torem
152 2260 302 2326 perfectum
313 2276 366 2309 esse
383 2207 500 2308 debere?
535 2256 688 2322 Numquam
698 2259 854 2310 mehercule

57 2324 103 2377 boc
116 2326 245 2388 dicerem,
261 2327 284 2375 si
297 2342 367 2385 eum,
385 2340 464 2392 quem
476 2325 562 2390 lingo,
573 2326 704 2390 meipsum
717 2344 771 2377 esse
784 2327 854 2377 arbi·
958 2382 963 2391 .

57 2404 146 2444 trasei-0
183 2394 245 2456 Sed,
263 2405 294 2445 ut
309 2394 411 2457 solebat
423 2392 453 2443 C.
466 2392 584 2452 Lucilius
604 2411 677 2459 saepe
699 2393 793 2457 dicere,
805 2396 853 2445 ho·

57 2475 97 2513 lto
110 2462 165 2512 tibi
178 2463 320 2522 subiratus,
335 2461 402 2515 mihi
414 2474 591 2528 propter'eam
604 2461 853 2527 ipsamcausarumi·

57 2543 109 2592 aas,
135 2547 215 2597 quam
240 2530 354 2590 volebat,
377 2530 524 2589 familiaris,
548 2528 593 2578 sed
607 2540 694 2578 tamen
708 2541 734 2578 et
749 2528 852 2592 doctus,

58 2607 80 2645 et
91 2598 272 2664 perurbauus:
286 2600 323 2648 tic
335 2599 428 2659 sentio,
454 2598 589 2646 nemiuem
610 2612 664 2646 esse
680 2598 705 2644 in
718 2608 853 2645 oratorum

57 2679 163 2718 numero
175 2665 403 2734 mumdum‘qu
413 2681 467 2716 uon
485 2666 520 2715 sit
536 2662 660 2715 onmibus
686 2663 718 2717 iia
739 2662 850 2725 artibus,

590 2745 643 2796 B‘a
