2017 2975
126 96 143 164 g
204 90 635 173 ,mnussnc'vuovs‘
767 103 815 169 ιιι

25 235 81 275 tom
96 218 159 273 est?
177 220 270 288 Quid?
297 225 334 286 si,
352 238 415 274 eum
429 241 478 292 pro
491 223 574 275 altero
588 220 674 288 dicas,
692 225 817 280 litemus
896 280 900 283 ,

10 296 11 299 ’
24 309 64 341 am
76 290 175 353 facias,
193 303 238 340 aut
250 292 335 341 laesus
346 294 449 342 efferare
472 292 625 354 iracundia,
650 312 755 346 causam
775 311 816 343 re·
829 340 832 349 ,

23 360 140 425 linquas,
157 358 259 409 nihilne
273 356 387 410 noceas?
404 360 435 408 In
448 376 499 424 quo
511 377 572 425 ego,
590 379 643 417 non
658 379 710 428 quo
730 356 815 412 lib'en·

23 440 61 476 ter
76 427 148 476 male
161 425 286 488 audiam,
303 424 351 477 sed
366 428 428 492 quia
443 443 491 491 ego
506 443 617 493 oausam=
629 446 682 478 non
701 417 816 478 libente'r
831 452 835 457 ι

24 496 158 558 relinquo,
183 495 298 544 nimium
325 496 428 560 patiens
448 505 474 541 et
492 495 580 544 lentus
601 497 751 546 existimor:
777 508 817 557 ut,
842 494 890 541 ,'-=

25 576 83 611 cum
94 571 121 609 te
132 561 237 625 ipsum,
253 561 369 628 Sulpici,
388 561 559 626 obiurgabam
568 597 576 623 ,
596 563 667 628 quod
683 564 816 613 ministra·
863 588 867 592 Δ

25 640 108 677 torem
118 640 235 692 peteres,
252 645 306 678 uon
320 628 506 678 adversarium.
549 629 590 677 Ex
613 647 663 695 quo
682 632 762 680 etiam
783 630 816 680 il·

25 694 217 758 ludassequor,
229 705 280 763 ut,
304 697 398 762 siquis
420 696 487 745 milri
507 696 663 759 maledicat,
684 699 816 763 'p'elulonu

9 792 12 798 ‹
27 773 71 825 aut,
80 763 159 827 plane
171 764 276 812 insanus
288 780 341 813 esse
356 762 482 812 videatur.
518 764 550 813 In
562 765 623 830 ipsis
638 776 727 814 autem
741 771 818 831 argu·

27 828 152 878 mentiosi
164 827 228 894 qnid
239 831 356 895 posueris
369 831 623 896 sutapertssalsnm,
637 843 682 881 aut
690 834 733 893 ei,
745 830 817 894 quod

27 896 137 959 dlxeris‚
156 896 303 945 dicturusve
316 898 366 953 sis,
388 899 563 959 contrarium,
588 910 633 947 sut
651 915 745 962 genere
760 900 817 963 ipso
838 936 842 944 .

26 976 158 1029 remotum
171 962 203 1012 ab
216 981 266 1012 usu
275 963 435 1013 indiciorum
446 981 476 1011 ae
488 964 561 1025 foro,
584 965 686 1014 nihilne
703 961 818 1014 noceas?

28 1030 96 1095 Quid
109 1026 218 1078 multa?
236 1033 322 1079 omnis
338 1048 400 1079 cura
413 1031 640 1095 measoletinhoo
647 1034 743 1081 versari
751 1048 820 1082 sem·
833 1061 839 1067 ‚

27 1115 85 1165 per,
103 1097 209 1160 (dicam
220 1098 292 1145 enim
303 1094 433 1164 saepius)
452 1099 474 1146 si
493 1099 606 1163 possim,
631 1111 661 1148 ut
681 1097 746 1148 boni
770 1100 818 1147 ali.

29 1165 87 1229 quid
99 1165 211 1214 ciliciam
223 1164 351 1215 dicendo:
369 1167 411 1214 siu
422 1164 569 1228 ionium,
586 1177 616 1215 ut
628 1178 699 1216 certe
711 1162 819 1232 nequid

28 1233 97 1281 mali.
530 1242 532 1245 '

91 1296 213 1349 LXXVI.
253 1298 346 1366 Itaque
364 1316 435 1349 nunc
455 1301 520 1350 illuc
538 1299 635 1361 redeo,
657 1299 764 1361 Catule,
789 1301 819 1353 in

30 1381 77 1429 quo
89 1377 122 1415 tn
133 1383 174 1414 me
190 1366 279 1432 paullo
298 1379 357 1423 anre
378 1366 518 1430 laudabas,
540 1367 574 1417 ad
595 1366 717 1418 ordinem
738 1367 819 1417 collo·

10 1446 11 1451 ’
31 1432 208 1498 rationemque
221 1450 307 1483 rerum
323 1451 353 1482 ac
365 1435 494 1483 locorum.
530 1434 611 1492 Cuius
631 1436 698 1483 ratio
718 1445 757 1483 est
771 1432 820 1483 du·

10 1519 12 1560 ἡ
30 1502 102 1567 plex:
119 1501 628 1566 alteru,quamaffertnaturaeausarum:
647 1503 737 1561 alters,
755 1515 820 1564 quse

31 1578 161 1617 oratorum
177 1568 276 1618 iudicio
287 1579 312 1617 et
331 1568 471 1634 prudentia
486 1580 663 1633 comparatur.
700 1567 819 1617 Nam'ut
857 1595 861 1600 ·

11 1645 12 1692 1
30 1635 129 1700 aliquid
140 1647 200 1685 ante
215 1652 272 1684 rem
289 1635 424 1697 dicamus,
450 1634 564 1696 deinde,
585 1647 615 1684 ut
633 1651 688 1685 rem
708 1651 820 1698 exponas

30 1695 110 1765 mus,
116 1715 177 1769 post
190 1714 220 1751 ut
232 1719 289 1752 eam
302 1703 444 1769 probemus
458 1705 556 1752 uostris
568 1701 706 1769 praesidiis
726 1701 819 1750 confir·

30 1769 147 1831 mandis,
163 1771 301 1820 contrariis
325 1768 486 1832 refutandis,
511 1770 606 1819 deinde
630 1782 660 1821 nt
679 1767 821 1820 concluda-

11 1879 12 1884 ,
29 1854 101 1900 mus,
119 1849 197 1901 atque
207 1838 244 1886 ita
261 1853 435 1903 peroremus,
450 1838 501 1887 hoc
518 1836 624 1887 dicendi
644 1853 725 1902 genus
744 1846 821 1885 natu·

11 1909 12 1946 l
30 1923 55 1954 ra
69 1906 124 1971 ipsa
156 1902 303 1954 raescribit.
338 1905 608 1967 Utverostatuamns,
626 1911 670 1966 e'a,
688 1921 821 1970 quaepro·

29 1972 106 2022 bandi
132 1923 255 2033 docendi,
272 1971 444 2037 persuadendi
451 1971 721 2033 canssdieendasunt,
732 1987 822 2035 quem·

29 2009 174 2106 adgnodum
193 2055 396 2105 componamus3
422 2039 452 2088 id
468 2053 507 2090 est
527 2042 569 2091 vel
586 2040 700 2090 maxime
720 2038 821 2104 propri·
891 2056 896 2061 ·

28 2124 72 2158 nm
85 2105 196 2156 oratoris
207 2106 370 2171 prudentiae.
403 2107 489 2155 Multi
504 2109 574 2158 enim
589 2117 731 2156 occurrunt
747 2121 821 2170 argu·

28 2171 130 2223 menta:
148 2174 246 2236 multa,
266 2191 330 2239 qrsae
341 2176 368 2223 in
382 2172 495 2223 diceudo
516 2174 653 2244 profutura
673 2172 821 2238 videantur,

28 2241 78 2291 ssd
92 2256 185 2290 eorum
200 2241 298 2307 partim
308 2242 344 2290 ita
352 2241 418 2290 levia
425 2253 501 2301 sunt,
516 2238 819 2292 utcontemuendasint:

28 2310 139 2374 partim,
156 2309 237 2356 etiam
258 2310 280 2357 si
299 2308 361 2372 quid
378 2308 475 2357 habent
495 2309 655 2376 adirunenti,
672 2321 738 2363 sunt
756 2324 821 2357 non·

29 2391 174 2442 numquam
191 2374 337 2438 eiusmodi,
354 2388 384 2425 ut
396 2377 496 2425 insitio
510 2377 542 2426 iis
561 2376 662 2442 aliquid
682 2376 753 2428 vitii:
777 2373 840 2424 nes

12 2462 75 2508 ¹ipre
93 2445 161 2492 tanti
174 2443 208 2492 sit
222 2442 302 2504 illud,
320 2441 392 2509 quod
406 2443 528 2509 prodesse
548 2444 682 2504 videatur,
710 2455 741 2493 ut
759 2457 824 2493 oum
876 2455 882 2466 “

27 2514 115 2577 aliquo
139 2511 212 2558 malo
231 2512 412 2575 coniungatur.
464 2510 538 2575 Quae
559 2524 648 2561 antem
665 2522 726 2559 suut
748 2510 823 2559 utilia

29 2577 212 2643 atque'firma,
230 2579 291 2629 sies
314 2590 403 2629 tamen
421 2576 459 2644 (ut
481 2595 558 2646 saepe
580 2577 619 2644 fit]
641 2577 721 2631 ralde
736 2575 824 2626 multa
