2017 2975
105 201 107 204 ,
133 148 148 206 t»
407 147 460 210 nn
477 138 706 224 {sonarent
827 138 842 158 s

101 281 107 290 ⁶
135 282 218 342 cepta*
231 281 373 338 superaret.
415 269 499 320 Erant
524 278 621 323 autem1
633 269 694 319 huic
705 268 795 321 studio
809 273 936 332 maxima,

134 356 200 404 quae
215 355 285 392 nunc
300 352 402 403 quoque
416 347 484 396 sunt,
503 338 620 402 exposita
635 338 758 403 praemia,
777 340 819 388 vel
836 338 936 405 adgra=

132 405 269 465 ttamsvel
284 406 318 454 ad
347 421 422 471 opes,
447 407 489 453 vel
501 402 535 451 ad
551 403 716 469 dignitatem.
751 405 860 470 Ingenia
872 423 950 457 vero·

132 475 173 541 (ut
186 472 278 523 multis
292 472 370 522 rebus
385 487 523 538 possumus
540 469 666 536 iudicare)
684 485 836 522 nostrorum
850 474 938 523 homi=

134 557 197 590 num
221 541 337 590 multum
360 541 453 588 ceteris
472 535 649 606 [hominibus]
671 542 791 595 omnium
816 543 938 605 gentium

134 611 343 676 praestiterunt„
365 606 516 676 Qaribus'de
535 609 628 668 causis,
647 609 771 674 quianon
786 610 842 657 iure
855 611 938 658 mire:

133 688 191 736 tur,
206 693 237 724 ex
250 676 324 728 omui
330 671 456 728 memoria
466 683 589 734 aetatum,
608 685 770 740 temporum,
787 677 939 739 civitatum,

135 753 190 793 tam
205 745 334 810 exiguum
345 747 481 792 oratorum
495 749 636 792 numerum
649 740 779 794 inveniri?

203 879 238 929 V.
258 876 312 930 Sed
321 879 449 928 nimirum
458 879 545 929 maius
553 876 648 928 estboo
655 876 791 945 quiddam,
799 896 880 944 quam
892 879 941 934 ho·

135 948 221 995 mines
240 949 388 1013 opinantur,
420 956 447 994 et
470 945 593 1012 pluribus
612 963 644 997 ex
666 946 768 996 artibus
789 947 940 1013 studiisque

63 1047 67 1054 -
79 1033 101 1054 ·-
136 1013 296 1064 collectuma'
305 1012 538 1079 Quiaeuimaliud,
546 1015 573 1061 iu
579 1015 694 1062 maxima
702 1014 941 1064 discentiummnl·

136 1082 258 1142 titudine,
276 1095 379 1130 summa
397 1087 590 1145 magistrorum
608 1083 691 1147 copia,
708 1083 943 1145 praestantissimis

52 1181 57 1187 ·
135 1149 275 1198 hominum
284 1150 403 1212 ingeniis,
411 1170 414 1174 ¹
423 1148 524 1195 infinita
532 1164 670 1197 causarum
680 1150 811 1210 varietate,
830 1151 941 1215 amplis·

136 1218 211 1282 simis
225 1217 387 1281 eloquentiae
404 1216 550 1280 ¹propositis
566 1217 699 1280 praemiis,
718 1234 771 1267 esse
784 1234 876 1266 causac
887 1235 940 1284 pu·

129 1293 182 1344 tet,
200 1284 250 1332 nisi
263 1285 303 1331 rei
339 1282 454 1332 nandum
469 1281 655 1332 incredibilem
674 1284 885 1349 magnitudinem
907 1303 940 1333 ac
975 1311 994 1330 ι,

127 1300 339 1400 7(Ιίῐίὶοιιίῑειῑεῐιιῖ
374 1350 423 1398 Est
438 1352 547 1398 enimet
560 1352 670 1400 scientia
691 1352 830 1418 comprelre
867 1352 941 1424 ,uda

116 1413 224 1467 -rerum
237 1415 422 1484 plurimarum,
440 1419 494 1468 sine
510 1435 561 1484 qua
583 1420 724 1468 verborum
737 1420 838 1470 volubil
863 1421 941 1470 asin=
1006 1453 1007 1466 2

134 1489 193 1537 anis
209 1499 286 1552 atque
303 1485 437 1537 irridenda
459 1499 557 1543 est;‘et
569 1489 624 1555 ipsa
641 1491 724 1538 oratio
739 1488 940 1548 conformanda,

74 1566 77 1571 ’
134 1572 189 1604 non
211 1556 299 1604 solum
321 1555 458 1615 electione,
476 1552 617 1605 sedetiam
637 1559 832 1607 constructione
846 1555 963 1607 verbo?
1005 1599 1006 1619 ,

98 1664 100 1669 .
135 1638 211 1673 rum:
228 1634 253 1671 et
270 1638 361 1670 omnes
382 1624 534 1671 animorum
545 1636 640 1681 motus,
668 1624 940 1688 quoshominumge·

135 1691 193 1739 neri
208 1705 299 1738 rerum
309 1700 400 1738 natura
415 1689 518 1749 tribuit,
536 1692 641 1755 penitus
655 1690 851 1753 pernoscendi,
866 1691 940 1756 quod

136 1758 222 1806 omnis
234 1757 275 1805 vis
298 1758 421 1822 ratioque
442 1755 563 1815 dicendi,
588 1759 615 1804 in
633 1773 732 1816 eorum,
757 1759 802 1823 qui
817 1757 939 1821 audIunt,

53 1820 59 1827 ’
135 1825 270 1874 mentibus
285 1808 330 1874 adt
341 1818 473 1889 sedandis,
492 1835 538 1872 aut
546 1822 690 1873 excitandis
701 1825 879 1889 expromenda
889 1839 938 1875 est.
1004 1858 1005 1875 η

135 1890 254 1941 Accedat
274 1891 368 1941 eodem
387 1901 490 1958 oportet
506 1892 580 1957 lepos
600 1890 708 1954 quidam
720 1892 889 1955 facetiaeque,
911 1906 940 1944 et

135 1959 250 2008 eruditio
269 1959 354 2013 libero
374 1957 462 2024 digna,
487 1960 656 2020 celeritasque
679 1970 705 2008 et
725 1957 839 2023 brevitas
860 1971 885 2009 et
897 1977 940 2012 re·

135 2025 284 2093 spondendi
299 2039 324 2077 et
342 2026 497 2087 lacessendi,
514 2025 606 2079 subtili
620 2038 752 2075 venustate
769 2038 846 2094 atque
858 2028 940 2078 utba.

83 2103 88 2109 “
123 2094 217 2151 ,nitate
236 2097 385 2145 coniuncta.
430 2091 553 2145 Tenenda
573 2098 940 2160 praetereaestonmisanti·
996 2092 999 2095 ¹

136 2164 222 2228 quitas
236 2161 469 2230 exemplorumque
481 2164 534 2211 vis:
553 2176 637 2223 neque
646 2163 743 2227 legum,
763 2174 807 2210 aut
821 2164 887 2213 iuris
901 2166 940 2214 ei·

135 2230 195 2280 vilis
211 2231 318 2281 scicntia
329 2229 486 2296 negligenda
496 2241 545 2279 est.
580 2229 649 2279 Nam
667 2227 731 2296 quid
751 2246 798 2295 ego
806 2227 838 2297 de
856 2233 939 2282 actio·

134 2314 167 2346 ne
184 2299 239 2363 ipsa
255 2300 331 2365 plura
346 2295 453 2348 dicam?
472 2316 536 2364 quae
543 2307 618 2346 motu
632 2299 758 2365 corporis,
778 2317 843 2364 quae
851 2299 937 2364 gestu,

153 2382 201 2414 uae
217 2368 303 2428 vultu,
322 2365 466 2433 quaevocia
484 2366 692 2426 conformatione
701 2384 731 2414 ac
745 2368 870 2418 varietate
880 2381 939 2418 mo·

134 2382 252 2482 dotanda
265 2446 318 2484 esta
336 2448 401 2498 quae
413 2432 468 2481 sola
484 2449 531 2499 per
543 2451 569 2482 se
584 2435 639 2499 ipsa
657 2446 753 2499 quanta
765 2433 940 2493 sit,histrio·

134 2516 199 2550 num
211 2500 275 2563 levis
292 2518 334 2550 ars
353 2510 380 2550 et
397 2514 473 2549 scena
496 2499 627 2550 declarat:
656 2503 749 2566 inqua
770 2519 831 2550 cum
844 2517 937 2552 omnes

134 2569 161 2617 iu
174 2569 236 2629 oris,
254 2569 371 2629 eteocle,
391 2578 417 2616 et
430 2579 521 2618 motus
534 2567 716 2619 moderatione
725 2566 869 2631 elaborent,
877 2571 936 2633 quis
954 2586 959 2591 ·

86 2682 92 2695 ,
133 2637 244 2705 ignorat,
268 2648 347 2707 quam
369 2637 446 2704 pauci
468 2638 535 2700 sint,
567 2636 732 2711 fuerintque,
759 2655 825 2705 quos
846 2638 941 2703 animo,
