2017 2975
143 108 182 164 st
391 99 467 168 nn,
490 73 697 198 o'napoar

130 269 132 272 ·
149 237 184 282 eo*
193 241 324 294 nusquam
337 222 510 287 discederem,
523 221 634 276 verbum
648 240 722 274 exeo
743 233 888 291 numquam
900 227 956 276 elic

149 316 207 350 cere
226 296 301 362 potui
314 293 346 342 de
363 296 432 344 riae
451 295 552 343 ratione
576 292 691 352 dicendi,
715 310 776 341 cum
787 304 813 341 et
829 310 879 360 per
891 310 954 343 me·

149 367 292 431 metipsum
314 362 434 425 egissem,
457 374 484 410 et
498 378 544 426 per
563 360 682 409 Drusum
702 376 776 425 saepe
788 371 951 412 tentassem:

149 451 201 500 quo
214 434 241 481 in
259 446 360 496 genere·
369 442 409 490 tu,
422 428 530 489 Antoni,
544 422 953 494 (veredoquarinumquamini.

75 501 83 518 s
149 500 178 551 hi
191 499 381 566 percunctanti,
395 509 441 546 aut
456 496 591 560 quaerenti
602 494 716 557 aliquids
724 494 841 554 defuisti,
855 506 882 544 et
889 504 952 561 per·

120 604 123 609 -
149 586 224 633 saepe
235 582 288 625 me,
298 581 370 628 ‚quae
384 565 519 615 soleres-in
534 561 801 624 dicendoobservare,
824 562 954 613 docuisti.

148 634 365 699 Nunczquonism
377 643 489 696 sartorque
511 641 627 679 restrum
647 629 770 694 patefecit
795 643 889 679 earum
900 647 953 679 ειε-

138 719 209 753 ⁴rum
221 704 339 768 ipsarpm
351 700 461 760 aditum,
475 715 539 761 quas
547 697 703 764 quaerimus,
712 709 739 746 et
745 699 869 763 quoniam
877 700 958 763 princ

148 786 209 835 ceps
239 767 349 816 Crassus
371 767 426 815 eius
450 766 579 814 serilonis
600 762 723 813 ordiendi
740 765 799 825 fuit,
818 765 880 815 date
899 781 949 814 no·

69 835 75 842 ’
148 835 192 887 bis
212 835 280 886 hanc
294 836 406 891 veniam,
428 845 459 881 ut
478 849 608 897 ea,¹quae
622 830 799 882 'sentitis-de
814 835 889 882 omni
904 850 950 898 ge·
995 853 996 860 ¹

147 915 210 953 nere
222 900 339 961 dicendi,
358 900 493 951 subtiliter
502 893 709 966 persequarfflni.
744 898 823 963 Quod
838 901 950 964 quidam
995 887 996 930 i

85 974 92 984 '
150 974 173 1022 si
188 973 268 1021 erita
280 968 355 1019 vobis
374 971 554 1035 impetratum,
572 983 696 1031 magnam
709 966 822 1030 habebo,
845 966 950 1031 Crasse,

149 1039 213 1105 huic
233 1033 385 1104 palaestrae,
412 1046 439 1084 et
453 1035 603 1084 Tusculano
622 1047 669 1083 tuo
690 1035 811 1102 gratiam,
829 1048 856 1084 et
869 1038 949 1101 longe

118 1114 134 1136 ·'
149 1104 308 1156 Academiae
328 1103 369 1162 illi
390 1119 420 1151 ac
440 1102 527 1168 Lyceo
542 1113 618 1152 tuum
635 1101 685 1149 hoc
705 1100 889 1152 suburbanum
903 1120 951 1171 gy.

152 1172 284 1222 muasium
297 1182 466 1236 anteponam.
723 1198 725 1201 -
995 1201 996 1206 ,

218 1237 305 1289 XXII.
341 1238 411 1286 Tum
433 1237 488 1300 ille,
513 1237 601 1285 Immo
621 1254 693 1297 vero,
715 1238 810 1302 inquit,
835 1238 949 1304 Sulpici,

143 1311 271 1372 'rogemus
283 1305 440 1363 Antonium,
458 1305 541 1371 quiet
555 1316 642 1369 potest
658 1305 741 1353 facere
754 1306 790 1367 id,
808 1304 882 1369 quod
904 1323 948 1354 re·

149 1376 241 1439 quiris,
264 1385 291 1422 et
317 1373 461 1434 consuevit,
484 1383 516 1421 ut
533 1384 560 1421 te
580 1371 659 1420 audio
679 1373 774 1422 diceres
816 1374 887 1422 Nam
903 1389 948 1423 me

80 1492 87 1501 Ἰ
148 1442 271 1510 quidem,
307 1440 399 1503 fateor,
425 1456 527 1506 semper
548 1456 670 1504 agerere
684 1440 734 1490 hoc
749 1452 806 1490 toto
820 1442 952 1508 sermonis

149 1512 283 1576 refugisse,
301 1509 391 1565 ettibi
405 1509 521 1575 cupienti
533 1520 609 1572 atque
630 1509 737 1558 metanti
749 1510 900 1576 saepissime
907 1528 952 1559 ne·

121 1624 124 1629 .
149 1594 233 1644 gesse,
250 1589 280 1626 ut
293 1589 350 1626 tute
364 1577 453 1642 paullo
475 1587 535 1624 ante
553 1568 653 1639 dixisti.
687 1575 767 1638 Quod
785 1594 951 1642 egonunsu·
994 1609 997 1625 ‚

150 1645 249 1712 perbis,
265 1658 349 1708 neque
362 1644 553 1691 inhumanitate
574 1642 712 1704 faciebam,
729 1658 814 1705 neque
831 1661 886 1710 quo
904 1646 951 1692 t'uo

151 1711 239 1779 studio
260 1711 406 1761 rectissimo
425 1720 502 1772 atque
521 1709 622 1773 optimo
643 1727 698 1758 non
714 1711 823 1776 obsequi
843 1712 951 1771 vellem,

109 1788 114 1795 '
150 1777 427 1846 praesertim‘cunate
444 1791 529 1824 unum
547 1792 580 1824 ex
603 1776 726 1835 omnibus
746 1778 780 1826 ad
804 1778 950 1833 dicendum
995 1832 996 1839 ἵ

147 1846 262 1909 maxime
289 1856 381 1892 natum
398 1855 540 1908 aptumque
553 1860 716 1910 cognossem,
732 1844 781 1894 sed
797 1846 951 1895 mehercule
995 1850 996 1905 ξ

150 1915 226 1969 istius
239 1911 578 1976 disputationisinsolentia,
587 1924 664 1975 atque
672 1929 762 1963 earnm
773 1929 872 1973 rerum,
883 1929 950 1978 quae
995 1920 996 1923 ’

151 1981 225 2046 quasi
244 1978 385 2049 traduntur
402 1980 430 2027 in
442 1990 504 2037 arte,
530 1980 641 2027 inscitia.
682 1981 752 2028 Tum
769 1979 951 2045 Cotta,·Quo·

70 2070 79 2081 ¹
151 2049 225 2096 niam
237 2047 274 2108 id,
293 2045 577 2111 quoddifficillimum
591 2045 669 2096 nobis
680 2047 831 2107 ridebatur,¹
846 2060 878 2097 ut
894 2065 950 2097 om·
989 2042 997 2057 ⁸

102 2154 106 2163 .
123 2146 124 2149 =
151 2116 215 2165 uino
230 2114 263 2163 de
277 2114 317 2163 his
329 2113 416 2174 rebus,
436 2112 536 2173 Crasse,
554 2114 697 2178 loquerere,
716 2117 828 2166 assecuti
839 2131 949 2165 sumus:

152 2181 186 2235 de
199 2183 301 2244 reliquo
314 2184 365 2229 iam
376 2193 464 2229 nostra
485 2182 561 2245 culpa
582 2180 670 2241 fuerit,
685 2183 707 2231 si
724 2195 759 2244 te,
784 2183 834 2231 nisi
845 2184 951 2251 ‚omnia

154 2267 219 2314 quae
233 2250 397 2319 percunctati
409 2249 515 2308 erimus,
540 2248 685 2314 explicatis,
704 2249 893 2299 dimiserimus.
910 2250 950 2298 De

153 2314 205 2377 bis,
231 2314 319 2376 credo,
337 2315 423 2374 rebus,
447 2316 533 2379 inquit
551 2313 666 2377 Crassus,
690 2310 720 2366 ut
740 2319 768 2366 in
788 2318 951 2367 cretionibus

155 2384 236 2439 scribi
250 2383 325 2442 solet,
344 2399 468 2440 errvs
493 2396 604 2433 scura
628 2398 845 2442 rossaoorr'.
879 2386 967 2433 Tum.

153 2452 209 2511 ille,
229 2450 347 2514 Namque
368 2448 440 2514 quod
453 2461 483 2499 tu
497 2467 550 2498 non
568 2453 674 2517 poteris,
693 2463 739 2499 aut
760 2453 869 2513 nescies,
892 2452 950 2516 quis
995 2454 996 2457 ’

153 2532 275 2637 nopprupr
287 2530 343 2569 tam
362 2516 502 2586 impudens
514 2529 562 2582 est,
580 2519 626 2585 qui
644 2519 748 2570 se-scire
761 2530 806 2569 aut
816 2536 892 2586 posse
904 2536 950 2588 po·

155 2597 182 2643 tt
210 2597 237 2641 et
332 2618 333 2621 =
792 2624 794 2629 ,
904 2625 907 2629 ·
