2017 2975
290 181 418 243 tr'snu
452 188 649 244 rnarrvs.
822 208 871 264 us

140 311 174 366 V.
208 305 245 366 'Ut'
257 315 337 382 igitur
351 326 408 367 ante
420 316 560 367 meridiem
569 314 755 379 discesserunt,
773 318 867 383 paulu.
901 313 937 352 ’ί
998 317 1000 322 “

6 389 8 400 “
67 384 182 448 lumque
193 387 357 450 requierunt,
376 387 403 435 in
418 385 513 451 primis
528 384 576 434 hoc
592 404 607 435 a
621 404 647 435 se
663 385 740 435 Cotta
750 384 867 434 anirnad·

66 463 179 501 versum
190 469 245 500 esse
262 451 384 514 dicebat,
402 468 479 501 omne
494 452 562 501 illud
577 462 679 533 tempus
685 452 864 518 meridianum

68 517 197 578 Crassum
222 520 250 567 in
276 521 403 570 acerrima
422 530 499 584 atque
516 522 688 570 attentissima
708 521 866 584 cogitatione
919 535 922 538 ·

66 579 204 651 potuisse,
220 603 343 651 seseque,
363 588 407 653 qui
422 588 527 638 vultum
538 588 607 646 eius,
623 588 715 637 cumei
722 586 866 636 dicendum

6 655 8 658 ’
67 663 150 714 esset,
168 652 344 724 obtutumque
362 654 500 704 oculorum
516 653 698 719 iu'cogitando
710 655 792 721 prolis
805 672 881 722 nos·r

67 732 124 780 set,
141 732 220 783 atque
235 723 262 770 in
277 723 400 771 maximis
413 722 495 773 causis
511 739 585 787 saepe
599 721 707 772 vidisset
714 756 724 782 ,
741 732 800 768 tum
820 721 865 772 de·

67 780 123 835 dita
140 803 233 853 opera‘,
252 789 444 855 quiescentibus
460 789 532 851 aliis,
550 791 577 838 in
591 806 650 839 eam
662 788 803 840 exhedram
822 806 864 838 re·

66 855 153 914 nisse,
172 855 199 902 in
214 854 483 918 quaCrassuslectntu
490 856 751 923 positorecubuisaet,
769 869 863 919 quum·

65 937 120 985 que
133 937 195 984 enm
210 923 237 970 in
252 925 410 987 cogitatione
424 923 539 975 defixum
551 919 750 984 aestuasset,
774 925 864 972 statim

65 989 217 1050 recessisse,
236 1001 314 1058 atque
329 993 359 1040 in
375 1009 406 1041 eo
425 994 531 1043 silentio
551 991 616 1046 duas
639 991 716 1040 horas
735 990 790 1054 fere
809 1002 864 1038 esse

6 1065 8 1102 Ξ
65 1055 229 1110 consumtus.
263 1057 366 1108 Deinde
388 1055 471 1124 quum
490 1069 595 1120 omnes,
619 1060 745 1108 inclinato
766 1058 864 1106 iamin

64 1122 282 1190 pomeridianum
309 1137 414 1192 tempus
438 1127 497 1196 diq,
522 1128 653 1177 venissent
675 1124 709 1174 ad
729 1123 853 1173 Crassum
899 1141 902 1145 ’

65 1188 143 1257 Quid
161 1202 216 1251 est,
248 1190 356 1254 Crasse,
384 1192 471 1260 idquit
485 1195 585 1258 Iulius,
616 1196 719 1243 imnsue
745 1158 864 1246 sessumi

6 1291 7 1296 =
57 1256 495 1328 xetsiadrnttnit11m‚venirurtste,
519 1280 573 1311 non
594 1264 747 1326 flagitatum.
791 1259 863 1307 Tum

64 1324 194 1387 crassis,
211 1325 254 1376 An
274 1342 317 1376 me
338 1337 392 1377 tam
414 1329 599 1394 impudentem
619 1337 674 1379 etse
693 1327 863 1387 existimatis,

63 1389 185 1442 struitis
199 1391 250 1441 hoc
268 1396 422 1459 praesertim
443 1412 541 1446 mimus
557 1409 649 1463 putem
669 1396 768 1445 diutins
786 1410 863 1459 posse

6 1498 7 1501 ,
61 1456 185 1511 debere?
211 1458 326 1525 Quinam
346 1462 356 1510 i
374 1463 441 1526 itur,
466 1464 554 1530 inquit
576 1464 637 1525 ilie,
660 1459 755 1515 locus?
780 1479 813 1510 an
834 1462 863 1511 iu

63 1526 155 1576 media
168 1527 233 1579 silva
246 1524 352 1594 plicet?
394 1539 417 1579 st
429 1529 501 1579 enim
515 1531 537 1579 is
550 1532 664 1580 maxime
676 1539 702 1578 et
714 1546 819 1594 opacus,
835 1539 862 1578 et

64 1594 188 1660 frigidus.
230 1595 313 1657 Sane,
338 1597 423 1662 inquit
442 1594 559 1646 Crassus.
598 1597 707 1646 Etenim
728 1597 813 1644 estin
831 1612 862 1645 eo

64 1662 124 1711 loco
141 1656 215 1711 sedes
227 1662 290 1712 huic
304 1675 395 1714 nostro
406 1665 643 1732 non'inopportuna
651 1664 776 1714 sermoni.
791 1660 862 1711 Cum

62 1730 205 1803 placuisspt
217 1729 291 1779 idem
303 1733 411 1793 ceteris,
424 1733 453 1781 in
469 1730 563 1782 sil'vam
577 1733 693 1791 venitur,
712 1740 737 1779 et
751 1729 789 1779 ibi
803 1746 861 1779 ma·

41 1798 46 1805 ‘
63 1814 116 1862 gna
125 1814 187 1846 cum
197 1796 293 1846 audien
314 1798 526 1866 'exspectatione
541 1799 696 1851 considitur.
714 1848 718 1853 .

7 1868 8 1873 ’
131 1865 202 1913 Tum
216 1862 281 1914 Cras
333 1864 429 1929 ,Cum
445 1869 585 1918 auctoritas
600 1872 679 1933 atque
693 1866 809 1917 amicitia
819 1883 862 1916 ve·

63 1943 133 1992 ητα,
144 1941 214 1980 ‘tum
230 1930 341 1983 Antonii
358 1935 471 1984 facilitas
492 1936 601 2002 eripuit,
623 1936 723 2000 inquit,
749 1933 816 1987 mihi
834 1936 861 1983 in

63 1999 165 2063 optima
177 2013 238 2049 mea
250 2016 328 2051 causa
338 2001 489 2051 libertatem
509 2000 657 2055 recusandi.
692 2000 862 2064 Quamquam

63 2066 91 2113 in
105 2064 243 2144 partienda
259 2067 434 2134 disputatione
444 2082 548 2130 nostra,
564 2084 627 2119 cum
639 2066 690 2117 sibi
699 2066 778 2127 (ielis,
795 2084 860 2132 quae

63 2131 120 2181 diei
135 2132 168 2182 ab
184 2147 287 2184 oratore
306 2144 451 2202 oporteret,
476 2145 605 2197 sumeret,
627 2134 695 2182 rnibi
710 2145 799 2185 autem
820 2150 861 2182 re·

38 2208 46 2213 “
62 2200 208 2267 linqueret,
225 2212 255 2251 ut
272 2203 449 2269 explicarem,
467 2200 694 2268 quemadmodum
708 2200 755 2249 illa
772 2203 861 2271 ornari
931 2260 936 2267 ,

64 2286 79 2314 o
99 2278 213 2330 orteret3
231 2286 260 2317 ea
275 2269 382 2332 divisit,
401 2286 467 2337 qnae
483 2271 600 2320 seiuncta
613 2285 666 2318 esse
680 2285 733 2317 non
741 2278 858 2334 possunt.

8 2392 9 2395 Ἴ
62 2285 133 2384 dim
147 2351 209 2385 cum
228 2339 314 2387 omnis
332 2356 365 2387 ex
385 2355 414 2386 re
438 2350 516 2403 atque
536 2336 623 2391 verbis
641 2348 744 2387 constet
763 2338 858 2399 orati03
907 2377 910 2381 .

8 2420 9 2435 ¹
60 2417 148 2466 neque
162 2400 243 2452 verba
255 2404 345 2456 sedem
356 2402 452 2455 habere
466 2418 591 2471 possunt,
609 2406 630 2452 si
647 2410 704 2453 rem
724 2404 858 2453 subtraxe=

8 2444 10 2517 i
61 2470 113 2527 ris,
130 2486 216 2534 neque
227 2488 269 2522 res
280 2470 389 2536 lumen,
406 2475 429 2522 si
442 2472 522 2523 verba
544 2471 693 2537 semoveris.
732 2469 772 2520 Ac
793 2470 860 2537 mibi

8 2560 10 2581 r
61 2534 174 2599 quidem
187 2534 287 2588 vetet'es
300 2541 357 2603 illi,
375 2542 458 2590 mains
472 2540 601 2607 quiddam
617 2539 704 2591 animo
717 2538 857 2602 complexi,

8 2606 15 2677 ,³
60 2604 150 2653 multo
170 2604 229 2671 plus
251 2609 332 2657 etiam
352 2606 448 2660 vidisse
467 2608 606 2669 videntur,
632 2604 710 2673 quani
731 2616 860 2666 qnantum

8 2686 10 2755 ὲ
56 2681 215 2725 nostrorum
225 2674 392 2742 ingeniorum
405 2677 473 2734 acies
484 2677 581 2730 intueri
588 2683 688 2739 potest:
708 2671 754 2738 (1¹¹i
767 2672 857 2737 ‘mini‘

9 2756 12 2783 ι
490 2782 494 2789 .
586 2755 652 2810 us
688 2758 691 2765 “
782 2776 800 2801 ο

963 497 968 518 J
